2684 4606
165 150 250 237 222
343 85 345 99 Ι
440 154 624 259 Mptlmpr.
653 156 725 233 111.
782 153 846 229 m.
901 153 1046 231 2-5.
1104 202 1107 209 ,

165 337 381 427 vespertinos,
411 336 739 407 Latineeontritnm
758 339 903 409 dicimus.
935 337 1061 421 =Uude,
1096 340 1223 430 inquit,
1250 344 1314 411 Τή-

165 426 251 492 tonia
279 421 341 488 dea
372 421 459 490 dicta
488 438 539 493 est
568 426 761 514 sapientiae,
802 428 879 526 quia
910 426 1011 493 omnis
1044 428 1314 515 contritio-,taut

165 510 350 597 sapientem.
393 510 492 576 Juxta
507 512 654 577 Servium
682 527 774 600 τρεῖν
793 523 916 577 timere
938 512 1185 599 interpretatur.
1230 514 1314 591 Unde

152 596 253 685 ¹juata
273 617 347 660 eum
368 594 514 663 'l'ritonia
535 597 627 684 quasi
648 595 820 663 terribilia
841 596 999 686 appellata
1020 608 1079 664 est
1124 598 1216 665 Nam
1235 598 1311 691 quod

139 704 186 752 aa
208 680 333 768 Libyca
355 679 473 768 palude
495 682 556 748 hoc
584 704 699 748 nomen
722 684 891 764 meruerit,
921 683 997 770 quia
1016 683 1080 749 illic
1101 705 1123 749 a
1147 684 1243 753 caelo
1265 686 1317 753 de·-

163 764 315 851 soensum
336 778 369 832 et
390 764 432 832 ad
460 767 583 833 caelum
606 789 773 835 ascensum
796 767 1020 851 celebraverit,
1059 767 1229 859 poiiticum
1249 794 1315 843 mre.

163 863 297 920 constat
340 850 425 917 Nam
446 851 590 940 legitur:
918 864 924 888 ‘
964 870 974 902 Ι
1021 852 1025 873 “

248 937 296 1001 Et
318 959 355 1000 aa
373 936 503 1002 dilecta
531 935 694 1002 Tritonia
715 935 810 1002 dixit
830 934 873 1001 alr
898 936 1005 1001 undo.
1272 1014 1276 1019 ¹
1308 1006 1312 1011 ,

247 1023 278 1087 2.
321 1020 473 1109 Pingitur
494 1024 564 1089 sine
584 1034 687 1088 matre
708 1033 800 1100 nata,
834 1022 908 1109 quia
936 1021 1095 1124 sapientia
1128 1022 1204 1089 sine
1233 1023 1312 1127 pain,

85 1105 88 1111 ’
120 1106 247 1196 lucipio
268 1116 301 1174 et
320 1106 385 1171 fine
406 1117 469 1189 est,
507 1105 587 1181 Ideo
610 1106 720 1192 virgo,
752 1109 826 1193 quia
855 1130 891 1173 sa
915 1106 1010 1174 ieutm
1034 1106 1155 1173 nuliam
1181 1108 1304 1177 vitiare·

161 1193 237 1296 cipit
259 1213 354 1275 curru
378 1191 514 1269 tionem,
549 1191 607 1259 sed
630 1201 789 1343 perpetua
819 1130 942 1277 gaudet
965 1214 1091 1258 morum
1118 1194 1304 1281 integritate.

51 1326 53 1331 -
162 1277 324 1367 ungitl‘
367 1277 461 1345 adem
483 1277 660 1345 Martianus
705 1277 924 1344 esublimiore
946 1289 979 1343 et
1000 1278 1302 1366 splendidiore-loco

161 1359 388 1442 descendisse,
426 1363 500 1451 quia
529 1362 673 1431 videlicet
699 1364 731 1429 in
762 1362 895 1430 excelsis
923 1362 1078 1450 sapientia
1110 1365 1251 1447 habitat,
1276 1380 1301 1433 et

163 1471 291 1515 omnem
314 1459 461 1514 terrenae
485 1448 583 1516 faecis
605 1448 849 1548 supergraditur
871 1447 1029 1516 vilitatem.
1072 1450 1192 1517 Habes
1212 1452 1300 1540 ipsam

119 1531 336 1605 radicantem:
370 1534 447 1621 Ego
476 1535 514 1597 in
540 1533 729 1599 altissimus
757 1531 933 1613 Iudicavi,
970 1544 1005 1599 et
1033 1532 1186 1600 tlaromm
1216 1560 1299 1601 nunt

160 1621 199 1683 in
221 1620 382 1685 columna
405 1616 518 1682 rantis.
558 1619 705 1706 Fingunt
731 1629 765 1686 et
786 1616 922 1685 eandem
943 1619 1032 1685 toris
1060 1620 1174 1688 vertici
1202 1620 1299 1687 inhae-

159 1705 257 1786 sisse,
290 1705 366 1792 quia
387 1702 563 1770 seeundum
587 1703 726 1771 fabulam
748 1703 791 1770 de
820 1704 925 1792 capite
945 1705 1034 1772 Jovis
1056 1717 1132 1775 nata
1162 1707 1313 1794 perhibe,

158 1799 221 1856 tur.
273 1791 348 1863 Quo
377 1789 533 1875 figmento
563 1789 713 1871 innuitur,
743 1789 831 1878 qood
852 1813 892 1856 ex
916 1801 1024 1875 mente
1045 1793 1163 1857 summi
1184 1791 1297 1865 dei-,sa-

158 1874 276 1961 pientia
295 1874 467 1962 progeuita
487 1884 546 1941 est.
589 1875 686 1960 Ego,
715 1874 833 1963 iuquit,
866 1898 910 1940 ex
930 1898 989 1940 ora
1018 1874 1195 1942 altissimi
1219 1898 1298 1965 pro-

115 1959 244 2034 wrtivi.
286 1960 369 2027 Nam
392 1970 426 2027 et
446 1959 533 2046 quod
554 1959 660 2027 Pallas
678 1959 747 2027 sine
769 1970 872 2028 matre
891 1959 1124 2040 introducitur,
1157 1962 1297 2043 ostendit,

159 2055 323 2112 aeternam
355 2044 540 2133 sapientiam
573 2067 635 2111 non
668 2067 708 2112 ex
739 2045 804 2114 aliis
834 2047 1033 2128 extantibus,
1076 2045 1136 2112 sed
1167 2072 1208 2115 ex
1230 2050 1298 2123 sule

157 2130 274 2197 stantia
307 2130 360 2199 dei
380 2130 566 2219 principium
590 2130 750 2215 habuisse.
793 2131 880 2198 Hine
909 2135 1005 2199 etiam
1034 2131 1122 2220 quod
1152 2134 1244 2223 virgo
1270 2144 1297 2201 a

145 2215 227 2282 'sine
248 2228 350 2283 matre
379 2228 445 2294 est,
482 2216 680 2304 septenarius
709 2216 739 2282 ei
769 2237 920 2284 numerus
951 2218 1180 2300 consectatur,
1216 2216 1311 2309 qucd'

81 2336 98 2373 ‚·
158 2300 244 2369 solus
265 2300 317 2367 ille
340 2303 423 2370 intra
445 2300 611 2368 denarium
630 2302 778 2384 limitem,
813 2303 897 2370 siout
918 2304 949 2369 in
977 2304 1178 2373 arithmetica
1207 2304 1320 2373 tradi--

113 2397 228 2469 tatur,
259 2410 320 2454 nee
340 2388 436 2455 alium
455 2406 481 2456 'a
503 2411 539 2455 se
561 2389 685 2477 giguit,
707 2410 768 2456 nec
787 2389 857 2478 ipse
879 2412 899 2455 a
920 2411 1081 2477 quoquam
1103 2390 1164 2457 uisi
1184 2412 1205 2455 a
1227 2392 1297 2469 sols,
1319 2390 1322 2395 ’

177 2496 239 2540 uae
279 2475 419 2542 omnium
457 2494 663 2541 numerorum
698 2484 802 2541 mater
836 2485 904 2555 est,
951 2464 1128 2562 generdtur
1171 2477 1296 2547 aniate

155 2497 323 2647 iiorgonis
345 2569 444 2649 caput
466 2561 529 2633 fert
549 2560 581 2624 in
601 2568 735 2648 pectore
755 2561 846 2663 quasi
867 2560 998 2628 terroris
1018 2560 1204 2649 imaginem.
1236 2562 1315 2631 iilic.

155 2645 241 2711 enim
271 2657 341 2731 est,
376 2657 413 2713 ut
440 2646 485 2713 ait
507 2645 654 2725 Servius,
695 2668 796 2715 omnis
823 2645 1009 2734 prudentia,
1050 2668 1135 2749 quae
1165 2649 1296 2723 contum

155 2728 203 2798 dit
224 2731 320 2812 alios,
342 2744 375 2799 et
395 2730 557 2835 imperitos
578 2742 610 2797 et
631 2753 745 2797 saxeos
768 2733 963 2822 comprobat
1004 2732 1183 2820 Tnpiicem
1203 2734 1320 2803 hate

111 2826 296 2896 eurestein,
317 2841 375 2883 seu
397 2841 472 2905 quaa
492 2815 594 2883 omnis
615 2816 769 2903 sapientia
790 2827 839 2884 est
860 2817 1037 2921 multiplex,
1069 2841 1127 2885 seu
1150 2819 1228 2908 quie
1247 2843 1296 2887 ea-

20 2948 24 2955 .
68 2931 72 2945 ’
153 2900 227 2968 lata.
270 2902 308 2967 In
330 2903 424 2990 hujus
444 2901 545 2968 tutela
567 2913 717 2968 noctuam
736 2912 874 2990 ponunt,
913 2926 988 2991 quaa
1017 2904 1174 2993 sapientia
1205 2907 1295 2975 etiam
1319 2924 1326 2985 ζ

150 2987 184 3052 in
206 2988 346 3054 tenebris
371 2988 534 3076 proprium
555 2985 716 3073 fulgorem
738 2987 909 3076 possideat.
951 2990 1078 3056 Dicitur
1097 3013 1175 3064 veru
1194 3015 1217 3059 a
1234 2992 1310 3098 ple-s

149 3073 259 3175 risque
279 3073 354 3139 ideo
376 3073 418 3138 de
440 3072 558 3139 verice
578 3072 666 3139 Jovis
689 3085 780 3154 nata,
815 3076 890 3163 quia
911 3075 942 3139 in
965 3077 1100 3147 cerebro
1120 3077 1245 3165 ingenis
1265 3088 1296 3147 et

150 3158 324 3247 saptentiae
338 3159 432 3227 sedes
447 3182 520 3226 esse
542 3156 676 3225 dicatur.
718 3160 805 3227 Hinc
827 3172 860 3228 et
881 3180 973 3227 arces
995 3161 1024 3227 ei
1046 3173 1080 3229 et
1101 3164 1242 3232 editiora
1259 3188 1301 3234 ac·
1323 3234 1328 3241 ,

108 3262 144 3312 35
152 3244 297 3312 divitiora
329 3245 456 3311 urbium
491 3243 663 3310 munimina
714 3243 849 3312 dicimus
886 3248 1076 3315 consecrari.
1137 3244 1310 3338 Legimus,

149 3332 250 3398 enlm:
276 3329 404 3396 Pollae
425 3353 511 3418 qrres
532 3328 689 3394 condidit
712 3353 810 3396 arces
831 3332 911 3434 ipsc
931 3333 1033 3399 colat.
1077 3333 1177 3401 Unde
1206 3348 1241 3405 et
1265 3338 1296 3403 in

147 3418 270 3508 Trojae
292 3416 456 3483 eversione
477 3424 695 3504 competenter
710 3484 713 3491 ,
728 3438 799 3482 eam
820 3416 971 3505 Virgilius
994 3441 1085 3485 arces
1115 3419 1195 3490 dicit
1214 3424 1296 3490 inse-
1323 3452 1326 3457 ·

92 3516 99 3521 “
148 3504 243 3572 disse.
298 3504 369 3572 Sua
398 3502 482 3568 enim
510 3500 690 3589 numinibus
719 3524 819 3591 opera
849 3502 1079 3571 consultissime
1112 3506 1172 3575 dat
1199 3531 1326 3576 ·ever-·

148 3590 264 3673 tenda}
293 3602 403 3678 portas
423 3587 557 3669 Juuoni,
586 3608 739 3676 quarum,
771 3599 808 3655 ut
828 3587 982 3671 didmus,
1013 3588 1075 3657 dea
1097 3604 1166 3676 est3
1203 3618 1318 3681 arces,

105 3677 289 3757 toPalladi,
327 3697 434 3743 muros
459 3674 629 3778 Neptuno,
668 3673 721 3740 cui
751 3672 959 3743 fundamenta
990 3687 1064 3743 sunt
1092 3697 1319 3763 consectam,

148 3764 240 3851 cujus
270 3774 304 3830 et
334 3759 452 3831 moveri
486 3760 635 3828 dncuntur
664 3758 803 3827 arbitrio.
855 3760 939 3826 Nam
969 3771 1003 3827 et
1023 3766 1233 3857 ἐνοσίχθων,
1260 3766 1322 3855 id..

147 3862 197 3917 est
217 3862 351 3915 terram
371 3870 526 3937 nzooens,
552 3857 590 3914 ut
612 3844 765 3925 diximus,
799 3846 985 3934 appellatur.

42 3938 46 3943 '
233 3934 264 4000 3.
307 3936 360 3999 De
383 3931 515 4001 Pallade
543 3943 577 3999 et
601 3930 745 4000 Vulcano
768 3931 831 3998 hoc
853 3932 946 4019 fingit
969 3931 1083 3999 fabula.
1127 3932 1317 4013 Vulcanus,

146 4040 245 4107 quum
267 4016 395 4085 fulmina
414 4020 486 4085 Jovi
516 4016 704 4098 fabricaret,
738 4018 779 4083 ab
802 4040 842 4082 eo
863 4019 1050 4107 permissum
1072 4020 1217 4107 accepit,
1254 4032 1288 4087 ut
1319 4026 1327 4059 '-

104 4126 139 4176 us
168 4101 297 4205 uieqnid
320 4105 411 4170 vellet
434 4113 661 4191 praesumeret.
709 4101 765 4168 Ille
786 4103 959 4172 Minervam
993 4104 1082 4191 petiit
1105 4106 1284 4193 conjugem.

139 4130 294 4278 iuppiter
331 4200 438 4256 autom
470 4190 632 4259 Minervae
660 4188 840 4277 imperarit,
884 4201 920 4259 ut
950 4189 1162 4277 virginitatem
1194 4215 1280 4257 suum
1319 4260 1322 4265 ,
