2684 4606
142 154 227 233 sae
362 156 583 261 uiuus,
607 157 680 231 111.
735 153 822 255 ιι.Ι
852 153 1009 277 '⁷7:⁰-

144 339 274 411 tondens
296 340 436 410 veritatis
456 339 572 409 indicio
593 363 650 410 rea
670 365 743 410 esse
773 341 989 431 cognoscitur.
1031 341 1128 419 Quae
1155 340 1278 432 quidem

145 430 243 495 virtus
264 451 361 517 prave
384 426 615 505 consuetudine
646 427 751 497 illecta
784 428 890 495 vinclis
922 428 1198 497 constrictioribus
1232 454 1279 497 os·

145 512 286 582 tenditur
311 524 466 582 catenate.
518 514 629 581 Venus
650 514 758 605 itaque
778 515 916 603 quinque
938 514 1022 581 Solis
1042 514 1143 596 lilius,
1175 511 1211 583 id
1237 527 1281 595 cst

147 600 286 703 quinque
307 599 462 666 humanos
488 622 600 666 sensus
627 599 688 668 luci
710 623 751 668 ac
779 599 900 666 veritati
925 597 1071 680 deditos,
1106 613 1142 669 et
1164 600 1208 669 ed
1228 624 1281 671 re-

123 702 227 753 oruom
259 708 367 753 rerum
402 686 659 776 perceptionem,
696 690 733 754 ut
766 687 905 775 probant
937 685 1059 773 pbiloso
1085 686 1138 766 bi,
1183 686 1283 770 datos,

146 772 237 860 quasi
272 771 346 839 solis
380 770 501 850 foetus,
535 772 598 839 hae
628 772 809 861 corruptela
842 771 999 840 obfuscat
1087 770 1172 841 ullus
1206 774 1283 841 eninr

147 879 259 925 sensns
281 868 341 938 est,
363 879 457 944 quern
474 879 546 922 non
568 858 632 924 suis
653 857 807 925 illecebris
826 857 970 945 voluptas
990 857 1119 951 inliciat.
1164 857 1283 935 Quibus

20 1007 22 1016 ,
147 953 255 1010 eutem
275 943 416 1031 singulos
439 941 692 1033 corruptionibus
719 943 884 1024 molestet,
912 942 944 1007 in
965 942 1125 1012 Martiano
1158 954 1307 1036 compe.

20 1021 34 1078 '⁴²'
148 1030 265 1097 tentius
286 1028 386 1117 leges.
430 1029 587 1118 Congrue
607 1040 714 1097 eutem
746 1028 870 1094 filiabus
892 1026 976 1096 Solis
996 1031 1123 1098 nomino
1145 1020 1285 1099 trib'uuu·

109 1127 212 1185 retur.
253 1114 381 1182 Dicitur
403 1114 486 1181 euim
507 1116 609 1203 prima
638 1113 817 1203 Pasipheii,
845 1111 879 1180 id
909 1125 960 1180 est
976 1113 1147 1181 ‘omnibns
1177 1140 1286 1206 appe·

151 1221 249 1280 reris,
283 1213 322 1271 ut
342 1200 444 1280 sisus;
477 1200 560 1269 risus
582 1198 667 1268 enim
687 1199 810 1266 nonnisi
830 1199 875 1280 ,in
896 1197 1001 1265 medio
1022 1201 1126 1288 posita
1148 1214 1287 1271 contem·

148 1284 264 1375 platus.
310 1282 479 1356 ,Secunda
514 1283 647 1367 Medea,
684 1283 719 1352 id
755 1296 804 1355 est
839 1284 941 1349 nulla
973 1284 1079 1366 visio,
1115 1286 1308 1376 designans¹

152 1369 303 1440 auditum.
358 1372 429 1438 Vox
458 1370 541 1438 enim
564 1372 647 1439 nulla
670 1392 837 1460 corporea
858 1380 916 1435 est
966 1369 1079 1438 Tertia
1108 1372 1227 1457 Circe,
1257 1370 1288 1440 id

152 1467 203 1522 est
232 1454 402 1521 mannum
424 1455 623 1545 judicium,
650 1480 735 1547 quae
766 1478 827 1546 pro
847 1464 937 1522 tactu
958 1455 1125 1543 accipitur.
1170 1457 1306 1547 Quarta·

111 1541 323 1621 tnPheedra,
345 1540 378 1606 id
400 1551 450 1609 est
466 1538 618 1631 offeram
638 1541 868 1618 suavitatem,
889 1562 975 1627 quse
995 1542 1159 1629 significet
1176 1544 1288 1611 odore

152 1641 230 1695 tum.
282 1626 401 1702 Quinta
421 1627 521 1693 Dirce
550 1640 616 1709 est,
670 1649 731 1694 une
755 1648 836 1692 acre
851 1624 1027 1714 judicans
1054 1626 1289 1719 interpretetur.

34 1716 45 1781 '.
130 1712 215 1783 'Est
236 1713 319 1793 enim
339 1724 454 1800 gustus
476 1651 723 1803 saporisju‘dex.
1096 1750 1101 1764 ·

136 1804 141 1817 “
238 1799 269 1863 t.
313 1797 411 1876 Quod
432 1819 507 1864 vero
529 1797 690 1886 Pasiphaii
709 1807 837 1863 taurum
857 1818 999 1877 amasse,
1022 1807 1056 1866 et
1077 1797 1291 1869 Minotaurum

156 1882 320 1986 peperisse
341 1883 476 1962 dicitur,
510 1883 640 1951 Servius
664 1892 738 1949 are
759 1893 853 2032 peste
874 1893 1014 1951 sumtum
1044 1882 1132 1953 dicit
1175 1886 1295 1968 desub

113 1988 258 2050 euenum,
278 1971 434 2037 notarium
456 1968 603 2036 'l’aurum
625 1969 738 2036 Minois
775 1969 866 2034 uisse.
909 1970 1025 2048 Hunc,
1054 1970 1175 2059 inquit,
1203 1971 1291 2041 Pasi-

179 2055 257 2133 lsai,
291 2076 372 2123 uxor
402 2052 536 2134 Minois,
573 2054 681 2133 furtim
720 2053 852 2133 ornarit,
887 2064 921 2122 et
954 2077 1026 2121 oum
1063 2079 1104 2122 ιο
1134 2057 1168 2125 in
1200 2056 1316 2126 domo·

156 2078 292 2216 ilaedali
315 2140 505 2220 concubuit;
527 2150 560 2207 et
581 2141 655 2242 quia
675 2139 822 2227 geminos
839 2139 972 2228 peperit,
993 2161 1092 2209 unum
1113 2142 1159 2211 de
1178 2143 1318 2220 Minoe'

26 2261 47 2281 s
158 2226 291 2291 altorum
317 2225 358 2292 de
390 2226 519 2304 Tauro,
560 2246 651 2293 errrxa
682 2232 753 2290 es‘s'e
780 2225 994 2293 Minotaurum
1023 2224 1149 2295 dicitur.
1204 2228 1294 2298 Unde

155 2311 326 2398 ¹Virgilius:
379 2311 537 2378 Mixtum
555 2333 679 2399 genus.
731 2311 920 2385 Sanehuio,
936 2311 983 2376 rei
1001 2311 1076 2399 quia
1106 2336 1294 2385 consensum

118 2397 310 2486 topraebuit
330 2395 495 2463 Daedalus
506 2407 518 2474 ,‘
545 2418 600 2462 rex
622 2398 721 2467 iratus
744 2419 817 2462 eum
847 2396 879 2461 in
908 2418 1073 2466 carcerem
1092 2402 1208 2486 trusit3
1241 2398 1294 2471 sed

68 2485 76 2498 ‘
159 2481 236 2549 inde
260 2505 334 2549 eum
354 2482 473 2569 regine
491 2486 650 2569 corruptis
669 2482 822 2549 relaxarit
841 2481 1039 2550 custodibus.
1094 2484 1162 2563 Qui
1182 2487 1294 2556 emisso

140 2607 141 2610 ι
160 2569 192 2635 in
214 2568 293 2634 meri
312 2567 386 2650 filio,
407 2566 479 2636 nevi
499 2569 619 2635 Cumas
638 2568 730 2635 venit
773 2564 870 2643 Quod
897 2569 993 2637 etiem
1014 2568 1167 2657 Virgilius
1187 2574 1296 2662 tangit,

28 2659 31 2664 ’
163 2653 289 2725 dicens:
331 2654 498 2742 Remigio
519 2653 669 2720 aleriam.
727 2652 803 2720 Alae
827 2653 910 2720 enim
935 2664 968 2721 et
987 2654 1151 2723 volucrum
1173 2668 1297 2727 suntet

163 2741 297 2806 navium.
348 2736 444 2805 Unde
462 2735 548 2804 idem
570 2738 659 2806 alibi:
707 2738 875 2805 Veiorum
890 2739 1083 2827 pandimus
1102 2741 1197 2813 alac.
1245 2743 1296 2812 Fi·

122 2825 224 2897 solios
245 2845 320 2891 rere
342 2823 597 2903 Atheniensium,
629 2824 682 2912 qui
704 2821 745 2890 ed
765 2822 980 2901 Minotaurum
1002 2823 1178 2897 devorandi
1199 2828 1298 2899 mitte·

119 2912 121 2917 ’
166 2913 302 2991 bantur,
321 2910 390 2977 auri
412 2921 445 2978 et
463 2909 587 2995 argenti
609 2907 753 2998 pondere
767 2920 849 3060 post
868 2910 966 2976 rictas
986 2910 1127 2978 Athenas
1150 2913 1250 2982 Minoi
1268 2915 1298 2981 io

166 2998 318 3064 tributum
338 2995 433 3061 missa
461 2995 599 3061 arbitror
624 2995 765 3084 accipian
790 3018 817 3061 a.
871 2995 977 3061 Porro
998 2997 1097 3063 Giree
1110 2998 1209 3087 juxte
1227 3002 1298 3068 Ser·

166 3083 250 3148 vium
287 3082 340 3147 ob·
359 3080 423 3149 hoo
455 3089 578 3153 tontum
608 3080 691 3148 Solis
721 3081 853 3168 lingitur
882 3081 963 3161 lilia,
1009 3081 1097 3171 quod
1132 3083 1299 3169 cltrissime
1321 3078 1328 3173 J

125 3180 128 3185 '
167 3167 317 3237 meretrix
339 3166 415 3246 fuit,
450 3178 483 3232 et
502 3165 570 3232 sole
590 3166 665 3232 nihil
692 3165 806 3232 clarius
836 3177 894 3233 est.
948 3167 1059 3248 Hasd,
1092 3168 1215 3259 inquit,
1246 3192 1303 3251 poe·

125 3275 161 3326 es
169 3253 298 3320 libidine
316 3262 350 3319 et
370 3249 590 3318 blandimentis
610 3252 754 3339 homines
776 3252 807 3316 in
828 3252 962 3319 ferinam
983 3253 1078 3320 vitam
1098 3256 1143 3321 ab
1167 3255 1300 3327 humans

165 3337 365 3421 deducebat,
388 3348 423 3405 ut
443 3335 561 3403 libidini
583 3350 616 3406 et
641 3338 710 3405 volu
735 3338 853 3405 tatibus
875 3361 1005 3426 operam
1027 3338 1151 3411 darent.

40 3417 49 3425 ’
158 3427 162 3435 ’
251 3425 282 3493 8.
324 3425 377 3490 De
398 3446 438 3493 eo
469 3440 563 3501 rere,
595 3422 682 3512 quod
705 3362 843 3513 dcyllam
872 3423 1056 3516 mutaverit,
1092 3425 1176 3494 heeo
1200 3424 1324 3497 lebnit-

167 3514 243 3581 ficte
264 3518 324 3578 est.
381 3506 519 3600 Scyllum
542 3508 696 3595 virginem
717 3509 960 3596 pulcherrimum
993 3509 1157 3593 Glaucus,
1189 3513 1301 3603 Anthe-

168 3598 254 3664 done
275 3595 402 3665 ciuitate
433 3594 610 3663 secundum
643 3595 813 3684 plerosque
840 3607 952 3676 natus,
984 3594 1072 3663 'usti
1098 3597 1319 3682 Fulgentiunr'

127 3705 247 3757 ansero
286 3678 481 3748 Arrtbedonis
515 3681 616 3760 filins,
653 3681 798 3747 amarit·
832 3681 931 3747 Hunc
992 3682 1078 3760 irce,
1117 3683 1204 3751 Solis
1235 3685 1300 3765 lille,

63 3807 66 3816 ·
171 3767 341 3855 diligebat,
374 3765 539 3853 relataque
560 3764 716 3855 Scyllam,
750 3767 892 3847 fontem,
920 3766 953 3831 in
972 3790 1037 3855 quo
1057 3764 1156 3835 levari
1174 3771 1301 3849 solebat,

171 3854 300 3919 venenis
319 3851 446 3936 inlecit3
480 3852 534 3918 ubi
561 3851 612 3917 illa
634 3851 850 3932 descendens,
887 3853 928 3918 ab
949 3851 1082 3939 inguine
1110 3853 1142 3920 lu
1166 3853 1201 3922 is‘
1224 3852 1301 3925 crni-

170 3941 296 4025 busque
315 3938 435 4005 inserta
454 3949 513 4006 est.
568 3937 694 4004 Veritas
716 3937 814 4024 longe
836 3936 897 4003 ella
917 3948 976 4005 est.
1027 3938 1131 4006 Anthe
1156 3963 1199 4006 on
1228 3960 1300 4007 cen-

173 4023 328 4088 trarium
347 4022 487 4103 cidens,
517 4020 659 4089 Glaucus
680 4023 816 4102 luscus,
849 4022 955 4114 Scylla
977 4020 1137 4111 conscisio
1156 4024 1223 4094 inte
1272 4044 1316 4088 o.

131 4120 267 4180 tutatur.
311 4106 511 4194 Exignevia
535 4116 675 4195 ergoet
704 4107 826 4173 incuria
847 4110 964 4195 (quae,
1001 4108 1075 4196 quia
1108 4132 1220 4179 oerum
1262 4108 1301 4173 nie

168 4215 296 4265 morum
319 4194 481 4285 corruptio
504 4205 709 4283 extremaque
738 4192 876 4287 perditio
905 4195 978 4277 sit,
999 4197 1162 4267 contrarie
1192 4190 1301 4265 verini

182 4524 327 4564 A
