<?xml version="1.0" encoding="UTF-8"?>
<!DOCTYPE html PUBLIC "-//W3C//DTD XHTML 1.0 Transitional//EN"
    "http://www.w3.org/TR/xhtml1/DTD/xhtml1-transitional.dtd">
<html xmlns="http://www.w3.org/1999/xhtml" xml:lang="en" lang="en">
 <head>
  <title>
</title>
<meta http-equiv="Content-Type" content="text/html;charset=utf-8" />
  <meta name='ocr-system' content='tesseract 3.04.00' />
  <meta name='ocr-capabilities' content='ocr_page ocr_carea ocr_par ocr_line ocrx_word'/>
</head>
<body>
  <div class='ocr_page' id='page_1' title='image "./scriptoresrereu00bodegoog_0224.png"; bbox 0 0 2692 4606; ppageno 0'>
   <div class='ocr_carea' id='block_1_1' title="bbox 426 112 1306 274">
    <p class='ocr_par' dir='ltr' id='par_1_1' title="bbox 426 105 1306 274">
     <span class='ocr_line' id='line_1_1' title="bbox 426 112 1306 274; baseline 0.008 -40"><span class='ocrx_word' id='word_1_1' title='bbox 426 156 708 274; x_wconf 56' lang='lat' dir='ltr'><strong>upupam.</strong></span> <span class='ocrx_word' id='word_1_2' title='bbox 765 147 817 231; x_wconf 85' lang='lat'><strong>7.&#39;</strong></span> <span class='ocrx_word' id='word_1_3' title='bbox 858 112 1026 255; x_wconf 61' lang='lat' dir='ltr'><strong>nj‘,</strong></span> <span class='ocrx_word' id='word_1_4' title='bbox 1097 131 1246 239; x_wconf 73' lang='lat' dir='ltr'><strong>*too</strong></span> <span class='ocrx_word' id='word_1_5' title='bbox 1304 236 1306 241; x_wconf 78' lang='grc'>,</span> 
     </span>
    </p>
   </div>
   <div class='ocr_carea' id='block_1_2' title="bbox 75 339 1344 4295">
    <p class='ocr_par' dir='ltr' id='par_1_2' title="bbox 75 339 1343 1369">
     <span class='ocr_line' id='line_1_2' title="bbox 97 339 1236 431; baseline 0 -23"><span class='ocrx_word' id='word_1_6' title='bbox 97 363 212 408; x_wconf 90' lang='lat' dir='ltr'><strong>amore</strong></span> <span class='ocrx_word' id='word_1_7' title='bbox 237 341 349 408; x_wconf 86' lang='lat' dir='ltr'><strong>dicunt</strong></span> <span class='ocrx_word' id='word_1_8' title='bbox 380 339 563 413; x_wconf 87' lang='lat' dir='ltr'><strong>intabuisse.</strong></span> <span class='ocrx_word' id='word_1_9' title='bbox 579 364 599 374; x_wconf 56' lang='lat'>⁶</span> <span class='ocrx_word' id='word_1_10' title='bbox 621 340 835 429; x_wconf 74' lang='lat' dir='ltr'>Eandemque</span> <span class='ocrx_word' id='word_1_11' title='bbox 871 342 960 431; x_wconf 89' lang='lat' dir='ltr'><strong>ajunt</strong></span> <span class='ocrx_word' id='word_1_12' title='bbox 994 362 1088 408; x_wconf 88' lang='lat' dir='ltr'><strong>usum</strong></span> <span class='ocrx_word' id='word_1_13' title='bbox 1125 363 1236 409; x_wconf 85' lang='lat' dir='ltr'><strong>serrae</strong></span> 
     </span>
     <span class='ocr_line' id='line_1_3' title="bbox 96 425 1343 517; baseline 0.004 -24"><span class='ocrx_word' id='word_1_14' title='bbox 96 428 289 516; x_wconf 77' lang='lat' dir='ltr'><strong>repperisse.</strong></span> <span class='ocrx_word' id='word_1_15' title='bbox 342 425 421 493; x_wconf 82' lang='lat' dir='ltr'><strong>Fuit</strong></span> <span class='ocrx_word' id='word_1_16' title='bbox 449 436 622 517; x_wconf 80' lang='lat' dir='ltr'><strong>autemst</strong></span> <span class='ocrx_word' id='word_1_17' title='bbox 652 426 706 494; x_wconf 89' lang='lat' dir='ltr'><strong>bic</strong></span> <span class='ocrx_word' id='word_1_18' title='bbox 732 441 880 510; x_wconf 91' lang='lat' dir='ltr'><strong>venator,</strong></span> <span class='ocrx_word' id='word_1_19' title='bbox 920 428 974 517; x_wconf 90' lang='lat' dir='ltr'><strong>qui</strong></span> <span class='ocrx_word' id='word_1_20' title='bbox 1005 429 1080 495; x_wconf 89' lang='lat' dir='ltr'><strong>item</strong></span> <span class='ocrx_word' id='word_1_21' title='bbox 1102 449 1236 515; x_wconf 83' lang='lat' dir='ltr'><strong>gravem</strong></span> <span class='ocrx_word' id='word_1_22' title='bbox 1338 474 1343 479; x_wconf 93' lang='lat'><em>-</em></span> 
     </span>
     <span class='ocr_line' id='line_1_4' title="bbox 96 511 1235 599; baseline 0.004 -22"><span class='ocrx_word' id='word_1_23' title='bbox 96 514 225 578; x_wconf 89' lang='lat' dir='ltr'><strong>venatui</strong></span> <span class='ocrx_word' id='word_1_24' title='bbox 260 512 406 578; x_wconf 90' lang='lat' dir='ltr'><strong>laborem</strong></span> <span class='ocrx_word' id='word_1_25' title='bbox 448 513 674 599; x_wconf 89' lang='lat' dir='ltr'><strong>minimumque</strong></span> <span class='ocrx_word' id='word_1_26' title='bbox 712 512 852 581; x_wconf 82' lang='lat' dir='ltr'><strong>fructum</strong></span> <span class='ocrx_word' id='word_1_27' title='bbox 885 515 991 580; x_wconf 89' lang='lat' dir='ltr'><strong>inesse</strong></span> <span class='ocrx_word' id='word_1_28' title='bbox 1025 511 1235 596; x_wconf 79' lang='lat' dir='ltr'><strong>comedens,</strong></span> 
     </span>
     <span class='ocr_line' id='line_1_5' title="bbox 95 594 1254 689; baseline 0.001 -25"><span class='ocrx_word' id='word_1_29' title='bbox 95 599 241 686; x_wconf 91' lang='lat' dir='ltr'><strong>aliosque</strong></span> <span class='ocrx_word' id='word_1_30' title='bbox 261 609 445 676; x_wconf 81' lang='lat' dir='ltr'><strong>venatores,</strong></span> <span class='ocrx_word' id='word_1_31' title='bbox 476 607 591 687; x_wconf 78' lang='lat' dir='ltr'><strong>utpote</strong></span> <span class='ocrx_word' id='word_1_32' title='bbox 612 599 825 679; x_wconf 82' lang='lat' dir='ltr'><strong>Actaeonem,</strong></span> <span class='ocrx_word' id='word_1_33' title='bbox 842 598 999 666; x_wconf 81' lang='lat' dir='ltr'><strong>-Adonem</strong></span> <span class='ocrx_word' id='word_1_34' title='bbox 1021 611 1054 666; x_wconf 92' lang='lat' dir='ltr'><strong>et</strong></span> <span class='ocrx_word' id='word_1_35' title='bbox 1109 594 1254 689; x_wconf 52' lang='lat' dir='ltr'><strong>lp&#39;polyss.</strong></span> 
     </span>
     <span class='ocr_line' id='line_1_6' title="bbox 94 681 1259 774; baseline -0.002 -23"><span class='ocrx_word' id='word_1_36' title='bbox 94 696 170 751; x_wconf 79' lang='lat' dir='ltr'><strong>tum·</strong></span> <span class='ocrx_word' id='word_1_37' title='bbox 187 683 372 764; x_wconf 29' lang='lat' dir='ltr'><strong>adltristem</strong></span> <span class='ocrx_word' id='word_1_38' title='bbox 394 681 503 749; x_wconf 88' lang='lat' dir='ltr'><strong>videns</strong></span> <span class='ocrx_word' id='word_1_39' title='bbox 531 682 649 750; x_wconf 83' lang='lat' dir='ltr'><strong>exitum</strong></span> <span class='ocrx_word' id='word_1_40' title='bbox 673 681 859 766; x_wconf 91' lang='lat' dir='ltr'><strong>devenisse,</strong></span> <span class='ocrx_word' id='word_1_41' title='bbox 897 685 997 774; x_wconf 82' lang='lat' dir='ltr'><strong>priori</strong></span> <span class='ocrx_word' id='word_1_42' title='bbox 1016 683 1129 752; x_wconf 90' lang='lat' dir='ltr'><strong>itidem</strong></span> <span class='ocrx_word' id='word_1_43' title='bbox 1150 687 1259 751; x_wconf 74' lang='lat' dir='ltr'><strong>vitaet</strong></span> 
     </span>
     <span class='ocr_line' id='line_1_7' title="bbox 95 767 1278 859; baseline 0.003 -25"><span class='ocrx_word' id='word_1_44' title='bbox 95 769 304 858; x_wconf 86' lang='lat' dir='ltr'><strong>renuntiavit,</strong></span> <span class='ocrx_word' id='word_1_45' title='bbox 338 782 370 837; x_wconf 92' lang='lat' dir='ltr'><strong>et</strong></span> <span class='ocrx_word' id='word_1_46' title='bbox 401 767 617 856; x_wconf 84' lang='lat' dir='ltr'><strong>agriculturae</strong></span> <span class='ocrx_word' id='word_1_47' title='bbox 651 792 676 845; x_wconf 19' lang='lat' dir='ltr'><strong>,o</strong></span> <span class='ocrx_word' id='word_1_48' title='bbox 700 792 788 837; x_wconf 92' lang='lat' dir='ltr'><strong>eram</strong></span> <span class='ocrx_word' id='word_1_49' title='bbox 821 771 1009 859; x_wconf 90' lang='lat' dir='ltr'><strong>impendens</strong></span> <span class='ocrx_word' id='word_1_50' title='bbox 1036 771 1068 835; x_wconf 92' lang='lat' dir='ltr'><strong>in</strong></span> <span class='ocrx_word' id='word_1_51' title='bbox 1096 793 1136 836; x_wconf 91' lang='lat' dir='ltr'><strong>ea</strong></span> <span class='ocrx_word' id='word_1_52' title='bbox 1159 771 1235 859; x_wconf 88' lang='lat' dir='ltr'><strong>jugi</strong></span> <span class='ocrx_word' id='word_1_53' title='bbox 1274 781 1278 790; x_wconf 91' lang='lat'><em>&#39;</em></span> 
     </span>
     <span class='ocr_line' id='line_1_8' title="bbox 93 854 1234 942; baseline 0.002 -23"><span class='ocrx_word' id='word_1_54' title='bbox 93 856 207 921; x_wconf 76' lang='lat' dir='ltr'><strong>labore</strong></span> <span class='ocrx_word' id='word_1_55' title='bbox 235 854 408 942; x_wconf 84' lang='lat' dir='ltr'><strong>usquead</strong></span> <span class='ocrx_word' id='word_1_56' title='bbox 439 855 574 920; x_wconf 81' lang='lat' dir='ltr'><strong>maciem</strong></span> <span class='ocrx_word' id='word_1_57' title='bbox 605 877 663 941; x_wconf 89' lang='lat' dir='ltr'><strong>per</strong></span> <span class='ocrx_word' id='word_1_58' title='bbox 688 867 779 923; x_wconf 89' lang='lat' dir='ltr'><strong>uctus</strong></span> <span class='ocrx_word' id='word_1_59' title='bbox 808 868 881 923; x_wconf 62' lang='lat' dir='ltr'><strong>est.</strong></span> <span class='ocrx_word' id='word_1_60' title='bbox 917 856 1014 924; x_wconf 89' lang='lat' dir='ltr'><strong>Unde</strong></span> <span class='ocrx_word' id='word_1_61' title='bbox 1035 866 1069 925; x_wconf 91' lang='lat' dir='ltr'><strong>et</strong></span> <span class='ocrx_word' id='word_1_62' title='bbox 1084 867 1234 938; x_wconf 83' lang='lat' dir='ltr'><strong>matrem,</strong></span> 
     </span>
     <span class='ocr_line' id='line_1_9' title="bbox 91 937 1234 1028; baseline 0.002 -23"><span class='ocrx_word' id='word_1_63' title='bbox 91 940 128 1005; x_wconf 94' lang='lat' dir='ltr'><strong>id</strong></span> <span class='ocrx_word' id='word_1_64' title='bbox 150 953 200 1008; x_wconf 91' lang='lat' dir='ltr'><strong>est</strong></span> <span class='ocrx_word' id='word_1_65' title='bbox 219 951 357 1019; x_wconf 91' lang='lat' dir='ltr'><strong>terram,</strong></span> <span class='ocrx_word' id='word_1_66' title='bbox 379 940 517 1007; x_wconf 85' lang='lat' dir='ltr'><strong>omniurn</strong></span> <span class='ocrx_word' id='word_1_67' title='bbox 541 940 756 1028; x_wconf 81' lang='lat' dir='ltr'><strong>genetricem,</strong></span> <span class='ocrx_word' id='word_1_68' title='bbox 787 941 903 1009; x_wconf 86' lang='lat' dir='ltr'><strong>dicitur</strong></span> <span class='ocrx_word' id='word_1_69' title='bbox 931 941 1094 1008; x_wconf 88' lang='lat' dir='ltr'><strong>amavisse.</strong></span> <span class='ocrx_word' id='word_1_70' title='bbox 1138 937 1234 1008; x_wconf 79' lang='lat' dir='ltr'><strong>Haec</strong></span> 
     </span>
     <span class='ocr_line' id='line_1_10' title="bbox 92 1019 1232 1129; baseline 0.004 -39"><span class='ocrx_word' id='word_1_71' title='bbox 92 1027 192 1105; x_wconf 88' lang='lat' dir='ltr'><strong>etiam</strong></span> <span class='ocrx_word' id='word_1_72' title='bbox 213 1023 395 1129; x_wconf 85' lang='lat' dir='ltr'><strong>Polycarpe</strong></span> <span class='ocrx_word' id='word_1_73' title='bbox 416 1025 504 1093; x_wconf 90' lang='lat' dir='ltr'><strong>dicta</strong></span> <span class='ocrx_word' id='word_1_74' title='bbox 524 1035 584 1105; x_wconf 87' lang='lat' dir='ltr'><strong>est,</strong></span> <span class='ocrx_word' id='word_1_75' title='bbox 606 1019 693 1113; x_wconf 82' lang='lat' dir='ltr'><strong>quod</strong></span> <span class='ocrx_word' id='word_1_76' title='bbox 714 1026 821 1091; x_wconf 84' lang='lat' dir='ltr'><strong>multi</strong></span> <span class='ocrx_word' id='word_1_77' title='bbox 840 1024 984 1115; x_wconf 71' lang='lat' dir='ltr'><strong>fruetus</strong></span> <span class='ocrx_word' id='word_1_78' title='bbox 997 1027 1232 1117; x_wconf 86' lang='lat' dir='ltr'><strong>interpretatur.</strong></span> 
     </span>
     <span class='ocr_line' id='line_1_11' title="bbox 75 1110 1273 1193; baseline 0 -17"><span class='ocrx_word' id='word_1_79' title='bbox 75 1112 202 1177; x_wconf 35' lang='lat' dir='ltr'><strong>*Terra</strong></span> <span class='ocrx_word' id='word_1_80' title='bbox 239 1131 321 1177; x_wconf 87' lang='lat' dir='ltr'><strong>emm</strong></span> <span class='ocrx_word' id='word_1_81' title='bbox 360 1110 483 1178; x_wconf 86' lang='lat' dir='ltr'><strong>fructus</strong></span> <span class='ocrx_word' id='word_1_82' title='bbox 519 1121 608 1176; x_wconf 87' lang='lat' dir='ltr'><strong>creat</strong></span> <span class='ocrx_word' id='word_1_83' title='bbox 643 1112 817 1178; x_wconf 91' lang='lat' dir='ltr'><strong>universos.</strong></span> <span class='ocrx_word' id='word_1_84' title='bbox 868 1112 966 1193; x_wconf 29' lang='lat' dir='ltr'><strong>,Quia</strong></span> <span class='ocrx_word' id='word_1_85' title='bbox 996 1135 1072 1178; x_wconf 82' lang='lat' dir='ltr'><strong>uero</strong></span> <span class='ocrx_word' id='word_1_86' title='bbox 1105 1114 1273 1180; x_wconf 88' lang='lat' dir='ltr'><strong>cunctislo</strong></span> 
     </span>
     <span class='ocr_line' id='line_1_12' title="bbox 90 1195 1269 1286; baseline 0.003 -25"><span class='ocrx_word' id='word_1_87' title='bbox 90 1195 295 1283; x_wconf 85' lang='lat' dir='ltr'><strong>venatoribus</strong></span> <span class='ocrx_word' id='word_1_88' title='bbox 318 1196 359 1262; x_wconf 92' lang='lat' dir='ltr'><strong>de</strong></span> <span class='ocrx_word' id='word_1_89' title='bbox 377 1198 531 1284; x_wconf 84' lang='lat' dir='ltr'><strong>pristinae</strong></span> <span class='ocrx_word' id='word_1_90' title='bbox 561 1197 638 1264; x_wconf 89' lang='lat' dir='ltr'><strong>artis</strong></span> <span class='ocrx_word' id='word_1_91' title='bbox 667 1198 841 1286; x_wconf 90' lang='lat' dir='ltr'><strong>opprobrio</strong></span> <span class='ocrx_word' id='word_1_92' title='bbox 863 1196 1069 1280; x_wconf 76' lang='lat' dir='ltr'><strong>detrahebat,</strong></span> <span class='ocrx_word' id='word_1_93' title='bbox 1098 1220 1231 1281; x_wconf 88' lang='lat' dir='ltr'><strong>serram,</strong></span> <span class='ocrx_word' id='word_1_94' title='bbox 1265 1214 1269 1231; x_wconf 75' lang='lat'>¹</span> 
     </span>
     <span class='ocr_line' id='line_1_13' title="bbox 90 1281 1192 1369; baseline 0.003 -23"><span class='ocrx_word' id='word_1_95' title='bbox 90 1281 127 1349; x_wconf 89' lang='lat' dir='ltr'><strong>id</strong></span> <span class='ocrx_word' id='word_1_96' title='bbox 148 1281 475 1368; x_wconf 80' lang='lat' dir='ltr'><strong>est&#39;maliloquium,</strong></span> <span class='ocrx_word' id='word_1_97' title='bbox 511 1282 643 1369; x_wconf 86' lang='lat' dir='ltr'><strong>lingitur</strong></span> <span class='ocrx_word' id='word_1_98' title='bbox 669 1284 833 1350; x_wconf 90' lang='lat' dir='ltr'><strong>iuvenisse.</strong></span> <span class='ocrx_word' id='word_1_99' title='bbox 1189 1290 1192 1294; x_wconf 81' lang='grc'><strong>’</strong></span> 
     </span>
    </p>

    <p class='ocr_par' dir='ltr' id='par_1_3' title="bbox 82 1366 1344 3339">
     <span class='ocr_line' id='line_1_14' title="bbox 179 1366 1231 1456; baseline 0 -22"><span class='ocrx_word' id='word_1_100' title='bbox 179 1369 209 1434; x_wconf 88' lang='grc'><strong>4.</strong></span> <span class='ocrx_word' id='word_1_101' title='bbox 249 1367 387 1433; x_wconf 86' lang='lat' dir='ltr'><strong>Dianam</strong></span> <span class='ocrx_word' id='word_1_102' title='bbox 419 1367 515 1432; x_wconf 89' lang='lat' dir='ltr'><strong>etiam</strong></span> <span class='ocrx_word' id='word_1_103' title='bbox 544 1389 571 1432; x_wconf 85' lang='lat' dir='ltr'><strong>a</strong></span> <span class='ocrx_word' id='word_1_104' title='bbox 600 1368 728 1448; x_wconf 69' lang='lat' dir='ltr'><strong>diesve,</strong></span> <span class='ocrx_word' id='word_1_105' title='bbox 770 1367 857 1455; x_wconf 94' lang='lat' dir='ltr'><strong>quod</strong></span> <span class='ocrx_word' id='word_1_106' title='bbox 888 1366 962 1432; x_wconf 74' lang='lat' dir='ltr'><strong>rete</strong></span> <span class='ocrx_word' id='word_1_107' title='bbox 991 1366 1231 1456; x_wconf 88' lang='lat' dir='ltr'><strong>interpretatur,</strong></span> 
     </span>
     <span class='ocr_line' id='line_1_15' title="bbox 89 1452 1230 1542; baseline 0.001 -23"><span class='ocrx_word' id='word_1_108' title='bbox 89 1452 285 1542; x_wconf 88' lang='lat' dir='ltr'><strong>Dictynnam</strong></span> <span class='ocrx_word' id='word_1_109' title='bbox 306 1452 535 1539; x_wconf 86' lang='lat' dir='ltr'><strong>nuncupamus,</strong></span> <span class='ocrx_word' id='word_1_110' title='bbox 557 1452 725 1540; x_wconf 87' lang='lat' dir='ltr'><strong>eidemque</strong></span> <span class='ocrx_word' id='word_1_111' title='bbox 751 1476 823 1517; x_wconf 92' lang='lat' dir='ltr'><strong>oum</strong></span> <span class='ocrx_word' id='word_1_112' title='bbox 845 1453 970 1538; x_wconf 85' lang='lat' dir='ltr'><strong>sagittis</strong></span> <span class='ocrx_word' id='word_1_113' title='bbox 992 1475 1086 1520; x_wconf 88' lang='lat' dir='ltr'><strong>arcus</strong></span> <span class='ocrx_word' id='word_1_114' title='bbox 1105 1452 1230 1533; x_wconf 86' lang='lat' dir='ltr'><strong>damus,</strong></span> 
     </span>
     <span class='ocr_line' id='line_1_16' title="bbox 89 1537 1295 1626; baseline 0.002 -24"><span class='ocrx_word' id='word_1_115' title='bbox 89 1540 167 1626; x_wconf 89' lang='lat' dir='ltr'><strong>quia</strong></span> <span class='ocrx_word' id='word_1_116' title='bbox 189 1550 373 1617; x_wconf 85' lang='lat' dir='ltr'><strong>venatores,</strong></span> <span class='ocrx_word' id='word_1_117' title='bbox 408 1539 525 1626; x_wconf 24' lang='lat' dir='ltr'><strong>,quibus</strong></span> <span class='ocrx_word' id='word_1_118' title='bbox 554 1549 700 1625; x_wconf 87' lang='lat' dir='ltr'><strong>praeest,</strong></span> <span class='ocrx_word' id='word_1_119' title='bbox 738 1537 786 1605; x_wconf 91' lang='lat' dir='ltr'><strong>his</strong></span> <span class='ocrx_word' id='word_1_120' title='bbox 810 1549 949 1604; x_wconf 89' lang='lat' dir='ltr'><strong>utuntur.</strong></span> <span class='ocrx_word' id='word_1_121' title='bbox 986 1537 1089 1614; x_wconf 84' lang='lat' dir='ltr'><strong>¹Quod</strong></span> <span class='ocrx_word' id='word_1_122' title='bbox 1111 1561 1185 1603; x_wconf 91' lang='lat' dir='ltr'><strong>vero</strong></span> <span class='ocrx_word' id='word_1_123' title='bbox 1208 1553 1295 1623; x_wconf 37' lang='lat' dir='ltr'><strong>ala,</strong></span> 
     </span>
     <span class='ocr_line' id='line_1_17' title="bbox 87 1623 1230 1712; baseline 0.003 -25"><span class='ocrx_word' id='word_1_124' title='bbox 87 1623 166 1690; x_wconf 91' lang='lat' dir='ltr'><strong>luna</strong></span> <span class='ocrx_word' id='word_1_125' title='bbox 187 1623 406 1689; x_wconf 87' lang='lat' dir='ltr'><strong>humiditatem</strong></span> <span class='ocrx_word' id='word_1_126' title='bbox 435 1625 532 1688; x_wconf 90' lang='lat' dir='ltr'><strong>rebus</strong></span> <span class='ocrx_word' id='word_1_127' title='bbox 562 1624 730 1711; x_wconf 89' lang='lat' dir='ltr'><strong>provenire</strong></span> <span class='ocrx_word' id='word_1_128' title='bbox 752 1623 905 1702; x_wconf 87' lang='lat' dir='ltr'><strong>diximus,</strong></span> <span class='ocrx_word' id='word_1_129' title='bbox 942 1623 1083 1712; x_wconf 79' lang='lat' dir='ltr'><strong>Remigii</strong></span> <span class='ocrx_word' id='word_1_130' title='bbox 1104 1624 1230 1691; x_wconf 86' lang='lat' dir='ltr'><strong>ridetur</strong></span> 
     </span>
     <span class='ocr_line' id='line_1_18' title="bbox 87 1708 1261 1798; baseline 0 -23"><span class='ocrx_word' id='word_1_131' title='bbox 87 1710 282 1776; x_wconf 85' lang='lat' dir='ltr'><strong>auctoritate</strong></span> <span class='ocrx_word' id='word_1_132' title='bbox 303 1708 430 1774; x_wconf 87' lang='lat' dir='ltr'><strong>firmari.</strong></span> <span class='ocrx_word' id='word_1_133' title='bbox 474 1708 599 1775; x_wconf 89' lang='lat' dir='ltr'><strong>Globus</strong></span> <span class='ocrx_word' id='word_1_134' title='bbox 621 1710 723 1783; x_wconf 89' lang='lat' dir='ltr'><strong>enim,</strong></span> <span class='ocrx_word' id='word_1_135' title='bbox 745 1710 861 1797; x_wconf 89' lang='lat' dir='ltr'><strong>inquit,</strong></span> <span class='ocrx_word' id='word_1_136' title='bbox 883 1710 979 1774; x_wconf 82' lang='lat' dir='ltr'><strong>lunae</strong></span> <span class='ocrx_word' id='word_1_137' title='bbox 997 1711 1092 1778; x_wconf 91' lang='lat' dir='ltr'><strong>veluti</strong></span> <span class='ocrx_word' id='word_1_138' title='bbox 1112 1732 1227 1798; x_wconf 90' lang='lat' dir='ltr'><strong>specu-</strong></span> <span class='ocrx_word' id='word_1_139' title='bbox 1258 1712 1261 1717; x_wconf 77' lang='grc'><strong>’</strong></span> 
     </span>
     <span class='ocr_line' id='line_1_19' title="bbox 88 1792 1344 1884; baseline 0.005 -26"><span class='ocrx_word' id='word_1_140' title='bbox 88 1795 154 1860; x_wconf 88' lang='lat' dir='ltr'><strong>lum</strong></span> <span class='ocrx_word' id='word_1_141' title='bbox 176 1818 216 1860; x_wconf 88' lang='lat' dir='ltr'><strong>ex</strong></span> <span class='ocrx_word' id='word_1_142' title='bbox 239 1816 315 1859; x_wconf 92' lang='lat' dir='ltr'><strong>rore</strong></span> <span class='ocrx_word' id='word_1_143' title='bbox 337 1804 485 1860; x_wconf 88' lang='lat' dir='ltr'><strong>constare</strong></span> <span class='ocrx_word' id='word_1_144' title='bbox 519 1792 643 1861; x_wconf 88' lang='lat' dir='ltr'><strong>dicitur.</strong></span> <span class='ocrx_word' id='word_1_145' title='bbox 697 1793 793 1860; x_wconf 92' lang='lat' dir='ltr'><strong>Unde</strong></span> <span class='ocrx_word' id='word_1_146' title='bbox 822 1808 854 1862; x_wconf 93' lang='lat' dir='ltr'><strong>et</strong></span> <span class='ocrx_word' id='word_1_147' title='bbox 882 1795 1066 1862; x_wconf 87' lang='lat' dir='ltr'><strong>humoribus</strong></span> <span class='ocrx_word' id='word_1_148' title='bbox 1088 1862 1092 1876; x_wconf 71' lang='grc'>,</span> <span class='ocrx_word' id='word_1_149' title='bbox 1098 1808 1229 1884; x_wconf 87' lang='lat' dir='ltr'><strong>praeest</strong></span> <span class='ocrx_word' id='word_1_150' title='bbox 1258 1849 1260 1857; x_wconf 82' lang='grc'>.</span> <span class='ocrx_word' id='word_1_151' title='bbox 1342 1820 1344 1825; x_wconf 87' lang='grc'><em>·</em></span> 
     </span>
     <span class='ocr_line' id='line_1_20' title="bbox 87 1878 1228 1972; baseline 0.003 -27"><span class='ocrx_word' id='word_1_152' title='bbox 87 1891 123 1972; x_wconf 78' lang='lat' dir='ltr'><strong>et</strong></span> <span class='ocrx_word' id='word_1_153' title='bbox 157 1891 342 1968; x_wconf 87' lang='lat' dir='ltr'><strong>susceptum</strong></span> <span class='ocrx_word' id='word_1_154' title='bbox 386 1879 459 1947; x_wconf 86' lang='lat' dir='ltr'><strong>solis</strong></span> <span class='ocrx_word' id='word_1_155' title='bbox 491 1879 692 1968; x_wconf 88' lang='lat' dir='ltr'><strong>splendorem</strong></span> <span class='ocrx_word' id='word_1_156' title='bbox 730 1881 906 1961; x_wconf 88' lang='lat' dir='ltr'><strong>revibrare,</strong></span> <span class='ocrx_word' id='word_1_157' title='bbox 948 1878 981 1945; x_wconf 92' lang='lat' dir='ltr'><strong>id</strong></span> <span class='ocrx_word' id='word_1_158' title='bbox 1014 1892 1063 1950; x_wconf 90' lang='lat' dir='ltr'><strong>est</strong></span> <span class='ocrx_word' id='word_1_159' title='bbox 1087 1880 1228 1948; x_wconf 88' lang='lat' dir='ltr'><strong>reddere</strong></span> 
     </span>
     <span class='ocr_line' id='line_1_21' title="bbox 86 1965 1304 2056; baseline 0.002 -26"><span class='ocrx_word' id='word_1_160' title='bbox 86 1975 205 2054; x_wconf 84' lang='lat' dir='ltr'><strong>potest</strong></span> <span class='ocrx_word' id='word_1_161' title='bbox 252 1965 387 2051; x_wconf 20' lang='lat' dir='ltr'><strong>,Dicitur</strong></span> <span class='ocrx_word' id='word_1_162' title='bbox 416 1977 449 2032; x_wconf 91' lang='lat' dir='ltr'><strong>et</strong></span> <span class='ocrx_word' id='word_1_163' title='bbox 475 1965 589 2031; x_wconf 82' lang='lat' dir='ltr'><strong>Luna·</strong></span> <span class='ocrx_word' id='word_1_164' title='bbox 608 1966 736 2042; x_wconf 83' lang='lat' dir='ltr'><strong>sistrum</strong></span> <span class='ocrx_word' id='word_1_165' title='bbox 765 1966 886 2032; x_wconf 90' lang='lat' dir='ltr'><strong>habere</strong></span> <span class='ocrx_word' id='word_1_166' title='bbox 916 1978 1050 2053; x_wconf 91' lang='lat' dir='ltr'><strong>propter</strong></span> <span class='ocrx_word' id='word_1_167' title='bbox 1090 1967 1269 2056; x_wconf 77' lang='lat' dir='ltr'><strong>primumto</strong></span> <span class='ocrx_word' id='word_1_168' title='bbox 1298 1996 1304 2003; x_wconf 90' lang='lat'><em>·</em></span> 
     </span>
     <span class='ocr_line' id='line_1_22' title="bbox 87 2049 1227 2139; baseline 0.001 -22"><span class='ocrx_word' id='word_1_169' title='bbox 87 2050 269 2117; x_wconf 88' lang='lat' dir='ltr'><strong>mundanae</strong></span> <span class='ocrx_word' id='word_1_170' title='bbox 290 2052 472 2117; x_wconf 88' lang='lat' dir='ltr'><strong>harmoniae</strong></span> <span class='ocrx_word' id='word_1_171' title='bbox 501 2066 629 2132; x_wconf 91' lang='lat' dir='ltr'><strong>tonum,</strong></span> <span class='ocrx_word' id='word_1_172' title='bbox 664 2052 717 2137; x_wconf 91' lang='lat' dir='ltr'><strong>qui</strong></span> <span class='ocrx_word' id='word_1_173' title='bbox 739 2076 767 2127; x_wconf 65' lang='lat' dir='ltr'><strong>xa</strong></span> <span class='ocrx_word' id='word_1_174' title='bbox 798 2063 887 2118; x_wconf 89' lang='lat' dir='ltr'><strong>terra</strong></span> <span class='ocrx_word' id='word_1_175' title='bbox 916 2053 1020 2139; x_wconf 85' lang='lat' dir='ltr'><strong>usque</strong></span> <span class='ocrx_word' id='word_1_176' title='bbox 1048 2049 1090 2118; x_wconf 90' lang='lat' dir='ltr'><strong>ad</strong></span> <span class='ocrx_word' id='word_1_177' title='bbox 1118 2052 1227 2120; x_wconf 85' lang='lat' dir='ltr'><strong>lunam</strong></span> 
     </span>
     <span class='ocr_line' id='line_1_23' title="bbox 85 2136 1226 2225; baseline 0 -23"><span class='ocrx_word' id='word_1_178' title='bbox 85 2139 149 2204; x_wconf 72' lang='lat' dir='ltr'><strong>es&#39;t.</strong></span> <span class='ocrx_word' id='word_1_179' title='bbox 201 2136 263 2203; x_wconf 82' lang='lat' dir='ltr'><strong>Est</strong></span> <span class='ocrx_word' id='word_1_180' title='bbox 283 2149 389 2203; x_wconf 88' lang='lat' dir='ltr'><strong>antem</strong></span> <span class='ocrx_word' id='word_1_181' title='bbox 413 2136 541 2203; x_wconf 87' lang='lat' dir='ltr'><strong>sistrum</strong></span> <span class='ocrx_word' id='word_1_182' title='bbox 561 2159 665 2224; x_wconf 88' lang='lat' dir='ltr'><strong>genus</strong></span> <span class='ocrx_word' id='word_1_183' title='bbox 688 2137 786 2203; x_wconf 90' lang='lat' dir='ltr'><strong>tubae</strong></span> <span class='ocrx_word' id='word_1_184' title='bbox 809 2136 857 2217; x_wconf 90' lang='lat' dir='ltr'><strong>vel</strong></span> <span class='ocrx_word' id='word_1_185' title='bbox 879 2139 1011 2222; x_wconf 88' lang='lat' dir='ltr'><strong>organi,</strong></span> <span class='ocrx_word' id='word_1_186' title='bbox 1044 2160 1108 2225; x_wconf 90' lang='lat' dir='ltr'><strong>quo</strong></span> <span class='ocrx_word' id='word_1_187' title='bbox 1130 2150 1226 2215; x_wconf 81' lang='lat' dir='ltr'><strong>utun-¹</strong></span> 
     </span>
     <span class='ocr_line' id='line_1_24' title="bbox 85 2221 1227 2311; baseline 0.001 -22"><span class='ocrx_word' id='word_1_188' title='bbox 85 2235 141 2289; x_wconf 90' lang='lat' dir='ltr'><strong>tur</strong></span> <span class='ocrx_word' id='word_1_189' title='bbox 162 2231 285 2287; x_wconf 89' lang='lat' dir='ltr'><strong>tantum</strong></span> <span class='ocrx_word' id='word_1_190' title='bbox 305 2222 472 2311; x_wconf 82' lang='lat' dir='ltr'><strong>Aegyptii,</strong></span> <span class='ocrx_word' id='word_1_191' title='bbox 501 2224 589 2308; x_wconf 92' lang='lat' dir='ltr'><strong>quod</strong></span> <span class='ocrx_word' id='word_1_192' title='bbox 608 2223 640 2287; x_wconf 93' lang='lat' dir='ltr'><strong>in</strong></span> <span class='ocrx_word' id='word_1_193' title='bbox 655 2221 824 2288; x_wconf 85' lang='lat' dir='ltr'><strong>simulacro</strong></span> <span class='ocrx_word' id='word_1_194' title='bbox 845 2221 939 2288; x_wconf 88' lang='lat' dir='ltr'><strong>Isidis</strong></span> <span class='ocrx_word' id='word_1_195' title='bbox 961 2223 1113 2310; x_wconf 82' lang='lat' dir='ltr'><strong>pingitur.</strong></span> <span class='ocrx_word' id='word_1_196' title='bbox 1164 2223 1227 2290; x_wconf 83' lang='lat' dir='ltr'><strong>Est</strong></span> 
     </span>
     <span class='ocr_line' id='line_1_25' title="bbox 85 2305 1308 2397; baseline -0.004 -24"><span class='ocrx_word' id='word_1_197' title='bbox 85 2317 195 2374; x_wconf 87' lang='lat' dir='ltr'><strong>autem</strong></span> <span class='ocrx_word' id='word_1_198' title='bbox 220 2305 300 2386; x_wconf 89' lang='lat' dir='ltr'><strong>Isis,</strong></span> <span class='ocrx_word' id='word_1_199' title='bbox 334 2319 372 2375; x_wconf 94' lang='lat' dir='ltr'><strong>ut</strong></span> <span class='ocrx_word' id='word_1_200' title='bbox 400 2308 613 2388; x_wconf 75' lang='lat' dir='ltr'><strong>aitservius,</strong></span> <span class='ocrx_word' id='word_1_201' title='bbox 650 2307 773 2373; x_wconf 83' lang='lat' dir='ltr'><strong>Genius</strong></span> <span class='ocrx_word' id='word_1_202' title='bbox 794 2308 949 2396; x_wconf 84' lang='lat' dir='ltr'><strong>Aegypti,</strong></span> <span class='ocrx_word' id='word_1_203' title='bbox 986 2309 1039 2397; x_wconf 91' lang='lat' dir='ltr'><strong>qui</strong></span> <span class='ocrx_word' id='word_1_204' title='bbox 1061 2329 1119 2396; x_wconf 90' lang='lat' dir='ltr'><strong>per</strong></span> <span class='ocrx_word' id='word_1_205' title='bbox 1140 2307 1225 2374; x_wconf 86' lang='lat' dir='ltr'><strong>sistri</strong></span> <span class='ocrx_word' id='word_1_206' title='bbox 1305 2361 1308 2368; x_wconf 79' lang='grc'><strong><em>,</em></strong></span> 
     </span>
     <span class='ocr_line' id='line_1_26' title="bbox 84 2390 1265 2482; baseline 0.003 -23"><span class='ocrx_word' id='word_1_207' title='bbox 84 2403 230 2472; x_wconf 88' lang='lat' dir='ltr'><strong>motum,</strong></span> <span class='ocrx_word' id='word_1_208' title='bbox 269 2391 357 2481; x_wconf 92' lang='lat' dir='ltr'><strong>quod</strong></span> <span class='ocrx_word' id='word_1_209' title='bbox 384 2392 417 2458; x_wconf 93' lang='lat' dir='ltr'><strong>in</strong></span> <span class='ocrx_word' id='word_1_210' title='bbox 451 2390 564 2459; x_wconf 89' lang='lat' dir='ltr'><strong>dextra</strong></span> <span class='ocrx_word' id='word_1_211' title='bbox 595 2392 695 2481; x_wconf 90' lang='lat' dir='ltr'><strong>gerit,</strong></span> <span class='ocrx_word' id='word_1_212' title='bbox 731 2392 795 2460; x_wconf 89' lang='lat' dir='ltr'><strong>Nili</strong></span> <span class='ocrx_word' id='word_1_213' title='bbox 831 2415 980 2482; x_wconf 82' lang='lat' dir='ltr'><strong>accessus</strong></span> <span class='ocrx_word' id='word_1_214' title='bbox 1011 2403 1044 2461; x_wconf 90' lang='lat' dir='ltr'><strong>et</strong></span> <span class='ocrx_word' id='word_1_215' title='bbox 1075 2411 1265 2462; x_wconf 73' lang='lat' dir='ltr'><strong>recessusat</strong></span> 
     </span>
     <span class='ocr_line' id='line_1_27' title="bbox 84 2476 1222 2572; baseline 0 -27"><span class='ocrx_word' id='word_1_216' title='bbox 84 2478 265 2566; x_wconf 60' lang='lat' dir='ltr'><strong>significan</strong></span> <span class='ocrx_word' id='word_1_217' title='bbox 286 2500 345 2567; x_wconf 92' lang='lat' dir='ltr'><strong>per</strong></span> <span class='ocrx_word' id='word_1_218' title='bbox 365 2476 489 2572; x_wconf 79' lang='lat' dir='ltr'><strong>situlam</strong></span> <span class='ocrx_word' id='word_1_219' title='bbox 509 2500 604 2555; x_wconf 86' lang='lat' dir='ltr'><strong>vero,</strong></span> <span class='ocrx_word' id='word_1_220' title='bbox 635 2500 729 2567; x_wconf 88' lang='lat' dir='ltr'><strong>quam</strong></span> <span class='ocrx_word' id='word_1_221' title='bbox 750 2478 923 2546; x_wconf 90' lang='lat' dir='ltr'><strong>insinistra</strong></span> <span class='ocrx_word' id='word_1_222' title='bbox 943 2488 1049 2558; x_wconf 85' lang='lat' dir='ltr'><strong>tenet,</strong></span> <span class='ocrx_word' id='word_1_223' title='bbox 1082 2476 1222 2545; x_wconf 85' lang='lat' dir='ltr'><strong>omnium</strong></span> 
     </span>
     <span class='ocr_line' id='line_1_28' title="bbox 82 2563 1223 2653; baseline 0.001 -24"><span class='ocrx_word' id='word_1_224' title='bbox 82 2565 272 2630; x_wconf 91' lang='lat' dir='ltr'><strong>lacunarum</strong></span> <span class='ocrx_word' id='word_1_225' title='bbox 294 2564 459 2630; x_wconf 86' lang='lat' dir='ltr'><strong>fluentiam</strong></span> <span class='ocrx_word' id='word_1_226' title='bbox 479 2564 626 2637; x_wconf 85' lang='lat' dir='ltr'><strong>ostendit.</strong></span> <span class='ocrx_word' id='word_1_227' title='bbox 669 2565 755 2629; x_wconf 85' lang='lat' dir='ltr'><strong>Sane</strong></span> <span class='ocrx_word' id='word_1_228' title='bbox 775 2564 835 2631; x_wconf 92' lang='lat' dir='ltr'><strong>Isis</strong></span> <span class='ocrx_word' id='word_1_229' title='bbox 854 2563 964 2651; x_wconf 89' lang='lat' dir='ltr'><strong>lingua</strong></span> <span class='ocrx_word' id='word_1_230' title='bbox 990 2565 1223 2653; x_wconf 89' lang='lat' dir='ltr'><strong>Aegyptiorum</strong></span> 
     </span>
     <span class='ocr_line' id='line_1_29' title="bbox 84 2642 1223 2737; baseline -0.004 -19"><span class='ocrx_word' id='word_1_231' title='bbox 84 2662 174 2718; x_wconf 87' lang='lat' dir='ltr'><strong>terra</strong></span> <span class='ocrx_word' id='word_1_232' title='bbox 192 2659 258 2726; x_wconf 93' lang='lat' dir='ltr'><strong>est,</strong></span> <span class='ocrx_word' id='word_1_233' title='bbox 293 2673 389 2737; x_wconf 90' lang='lat' dir='ltr'><strong>quam</strong></span> <span class='ocrx_word' id='word_1_234' title='bbox 418 2660 451 2715; x_wconf 90' lang='lat' dir='ltr'><strong>et</strong></span> <span class='ocrx_word' id='word_1_235' title='bbox 479 2650 544 2716; x_wconf 93' lang='lat' dir='ltr'><strong>Isin</strong></span> <span class='ocrx_word' id='word_1_236' title='bbox 573 2671 646 2716; x_wconf 88' lang='lat' dir='ltr'><strong>esse</strong></span> <span class='ocrx_word' id='word_1_237' title='bbox 666 2642 782 2716; x_wconf 91' lang='lat' dir='ltr'><strong>volunt.</strong></span> <span class='ocrx_word' id='word_1_238' title='bbox 836 2649 892 2715; x_wconf 90' lang='lat' dir='ltr'><strong>Alii</strong></span> <span class='ocrx_word' id='word_1_239' title='bbox 914 2663 1021 2715; x_wconf 90' lang='lat' dir='ltr'><strong>tamen</strong></span> <span class='ocrx_word' id='word_1_240' title='bbox 1049 2673 1121 2715; x_wconf 87' lang='lat' dir='ltr'><strong>eam</strong></span> <span class='ocrx_word' id='word_1_241' title='bbox 1141 2671 1223 2729; x_wconf 84' lang='lat' dir='ltr'><strong>nave</strong></span> 
     </span>
     <span class='ocr_line' id='line_1_30' title="bbox 85 2732 1306 2838; baseline 0 -38"><span class='ocrx_word' id='word_1_242' title='bbox 85 2735 129 2800; x_wconf 85' lang='lat' dir='ltr'><strong>do</strong></span> <span class='ocrx_word' id='word_1_243' title='bbox 151 2733 291 2800; x_wconf 81' lang='lat' dir='ltr'><strong>Graecia</strong></span> <span class='ocrx_word' id='word_1_244' title='bbox 314 2734 496 2815; x_wconf 88' lang='lat' dir='ltr'><strong>advectam,</strong></span> <span class='ocrx_word' id='word_1_245' title='bbox 530 2736 561 2801; x_wconf 90' lang='lat' dir='ltr'><strong>in</strong></span> <span class='ocrx_word' id='word_1_246' title='bbox 582 2739 730 2838; x_wconf 90' lang='lat' dir='ltr'><strong>Aegypto</strong></span> <span class='ocrx_word' id='word_1_247' title='bbox 753 2756 907 2822; x_wconf 89' lang='lat' dir='ltr'><strong>regnasse</strong></span> <span class='ocrx_word' id='word_1_248' title='bbox 922 2732 1105 2822; x_wconf 88' lang='lat' dir='ltr'><strong>perhibent,</strong></span> <span class='ocrx_word' id='word_1_249' title='bbox 1142 2757 1222 2800; x_wconf 85' lang='lat' dir='ltr'><strong>ean·</strong></span> <span class='ocrx_word' id='word_1_250' title='bbox 1302 2737 1306 2741; x_wconf 81' lang='grc'><strong>’</strong></span> 
     </span>
     <span class='ocr_line' id='line_1_31' title="bbox 84 2819 1263 2909; baseline 0 -23"><span class='ocrx_word' id='word_1_251' title='bbox 84 2819 225 2907; x_wconf 91' lang='lat' dir='ltr'><strong>demque</strong></span> <span class='ocrx_word' id='word_1_252' title='bbox 245 2819 365 2888; x_wconf 85' lang='lat' dir='ltr'><strong>litteras</strong></span> <span class='ocrx_word' id='word_1_253' title='bbox 387 2821 602 2909; x_wconf 86' lang='lat' dir='ltr'><strong>Aegyptiacos</strong></span> <span class='ocrx_word' id='word_1_254' title='bbox 634 2843 768 2907; x_wconf 88' lang='lat' dir='ltr'><strong>pumam</strong></span> <span class='ocrx_word' id='word_1_255' title='bbox 797 2819 1003 2887; x_wconf 90' lang='lat' dir='ltr'><strong>adinvenisse.</strong></span> <span class='ocrx_word' id='word_1_256' title='bbox 1046 2821 1091 2887; x_wconf 91' lang='lat' dir='ltr'><strong>Ut</strong></span> <span class='ocrx_word' id='word_1_257' title='bbox 1112 2833 1263 2888; x_wconf 77' lang='lat' dir='ltr'><strong>autemut</strong></span> 
     </span>
     <span class='ocr_line' id='line_1_32' title="bbox 84 2904 1308 2995; baseline -0.002 -23"><span class='ocrx_word' id='word_1_258' title='bbox 84 2905 129 2972; x_wconf 92' lang='lat' dir='ltr'><strong>ad</strong></span> <span class='ocrx_word' id='word_1_259' title='bbox 149 2904 316 2994; x_wconf 85' lang='lat' dir='ltr'><strong>superiora</strong></span> <span class='ocrx_word' id='word_1_260' title='bbox 337 2916 557 2988; x_wconf 78' lang='lat' dir='ltr'><strong>recurramus,</strong></span> <span class='ocrx_word' id='word_1_261' title='bbox 581 2928 640 2995; x_wconf 92' lang='lat' dir='ltr'><strong>per</strong></span> <span class='ocrx_word' id='word_1_262' title='bbox 662 2905 847 2994; x_wconf 85' lang='lat' dir='ltr'><strong>conjugium</strong></span> <span class='ocrx_word' id='word_1_263' title='bbox 863 2907 1008 2974; x_wconf 89' lang='lat' dir='ltr'><strong>Plutonis</strong></span> <span class='ocrx_word' id='word_1_264' title='bbox 1031 2917 1065 2972; x_wconf 91' lang='lat' dir='ltr'><strong>et</strong></span> <span class='ocrx_word' id='word_1_265' title='bbox 1083 2907 1222 2972; x_wconf 85' lang='lat' dir='ltr'><strong>Proser·</strong></span> <span class='ocrx_word' id='word_1_266' title='bbox 1305 2965 1308 2970; x_wconf 89' lang='lat'><strong>.</strong></span> 
     </span>
     <span class='ocr_line' id='line_1_33' title="bbox 82 2990 1222 3080; baseline 0.002 -24"><span class='ocrx_word' id='word_1_267' title='bbox 82 2993 182 3080; x_wconf 89' lang='lat' dir='ltr'><strong>pinae</strong></span> <span class='ocrx_word' id='word_1_268' title='bbox 209 3001 316 3077; x_wconf 82' lang='lat' dir='ltr'><strong>terrae</strong></span> <span class='ocrx_word' id='word_1_269' title='bbox 342 3003 376 3059; x_wconf 91' lang='lat' dir='ltr'><strong>et</strong></span> <span class='ocrx_word' id='word_1_270' title='bbox 407 2993 548 3059; x_wconf 91' lang='lat' dir='ltr'><strong>humoris</strong></span> <span class='ocrx_word' id='word_1_271' title='bbox 576 2992 604 3057; x_wconf 90' lang='lat' dir='ltr'><strong>ei</strong></span> <span class='ocrx_word' id='word_1_272' title='bbox 639 2992 736 3059; x_wconf 90' lang='lat' dir='ltr'><strong>innati</strong></span> <span class='ocrx_word' id='word_1_273' title='bbox 768 2992 906 3058; x_wconf 89' lang='lat' dir='ltr'><strong>nonnulli</strong></span> <span class='ocrx_word' id='word_1_274' title='bbox 934 2990 1113 3080; x_wconf 87' lang='lat' dir='ltr'><strong>intelligunt</strong></span> <span class='ocrx_word' id='word_1_275' title='bbox 1144 3014 1222 3058; x_wconf 86' lang='lat' dir='ltr'><strong>con-</strong></span> 
     </span>
     <span class='ocr_line' id='line_1_34' title="bbox 83 3077 1325 3167; baseline -0.001 -24"><span class='ocrx_word' id='word_1_276' title='bbox 83 3077 263 3143; x_wconf 84' lang='lat' dir='ltr'><strong>nexionem.</strong></span> <span class='ocrx_word' id='word_1_277' title='bbox 323 3079 390 3144; x_wconf 90' lang='lat' dir='ltr'><strong>Per</strong></span> <span class='ocrx_word' id='word_1_278' title='bbox 419 3077 591 3144; x_wconf 90' lang='lat' dir='ltr'><strong>Plutonem</strong></span> <span class='ocrx_word' id='word_1_279' title='bbox 625 3078 707 3142; x_wconf 93' lang='lat' dir='ltr'><strong>enim</strong></span> <span class='ocrx_word' id='word_1_280' title='bbox 740 3087 847 3157; x_wconf 89' lang='lat' dir='ltr'><strong>terra,</strong></span> <span class='ocrx_word' id='word_1_281' title='bbox 894 3078 948 3151; x_wconf 51' lang='lat' dir='ltr'><strong>oui¹</strong></span> <span class='ocrx_word' id='word_1_282' title='bbox 971 3087 1119 3166; x_wconf 82' lang='lat' dir='ltr'><strong>praeest,</strong></span> <span class='ocrx_word' id='word_1_283' title='bbox 1160 3098 1220 3167; x_wconf 92' lang='lat' dir='ltr'><strong>per</strong></span> <span class='ocrx_word' id='word_1_284' title='bbox 1323 3109 1325 3112; x_wconf 94' lang='lat'>·</span> 
     </span>
     <span class='ocr_line' id='line_1_35' title="bbox 82 3161 1221 3252; baseline -0.001 -22"><span class='ocrx_word' id='word_1_285' title='bbox 82 3162 312 3252; x_wconf 85' lang='lat' dir='ltr'><strong>Proserpinam</strong></span> <span class='ocrx_word' id='word_1_286' title='bbox 332 3164 448 3230; x_wconf 89' lang='lat' dir='ltr'><strong>humor</strong></span> <span class='ocrx_word' id='word_1_287' title='bbox 466 3174 584 3241; x_wconf 82' lang='lat' dir='ltr'><strong>terram</strong></span> <span class='ocrx_word' id='word_1_288' title='bbox 608 3161 782 3230; x_wconf 85' lang='lat' dir='ltr'><strong>fecundans</strong></span> <span class='ocrx_word' id='word_1_289' title='bbox 797 3163 1014 3249; x_wconf 87' lang='lat' dir='ltr'><strong>significatur;</strong></span> <span class='ocrx_word' id='word_1_290' title='bbox 1049 3184 1151 3251; x_wconf 88' lang='lat' dir='ltr'><strong>quae,</strong></span> <span class='ocrx_word' id='word_1_291' title='bbox 1183 3173 1221 3229; x_wconf 89' lang='lat' dir='ltr'><strong>ut</strong></span> 
     </span>
     <span class='ocr_line' id='line_1_36' title="bbox 82 3247 1343 3339; baseline 0.002 -24"><span class='ocrx_word' id='word_1_292' title='bbox 82 3249 191 3339; x_wconf 89' lang='lat' dir='ltr'><strong>ajunt,</strong></span> <span class='ocrx_word' id='word_1_293' title='bbox 231 3249 313 3315; x_wconf 92' lang='lat' dir='ltr'><strong>bene</strong></span> <span class='ocrx_word' id='word_1_294' title='bbox 348 3250 544 3338; x_wconf 90' lang='lat' dir='ltr'><strong>Proserpina</strong></span> <span class='ocrx_word' id='word_1_295' title='bbox 579 3251 669 3336; x_wconf 81' lang='lat' dir='ltr'><strong>quasi</strong></span> <span class='ocrx_word' id='word_1_296' title='bbox 704 3248 934 3334; x_wconf 81' lang='lat' dir='ltr'><strong>proserpendo</strong></span> <span class='ocrx_word' id='word_1_297' title='bbox 969 3258 1057 3312; x_wconf 82' lang='lat' dir='ltr'><strong>nata</strong></span> <span class='ocrx_word' id='word_1_298' title='bbox 1092 3247 1261 3328; x_wconf 78' lang='lat' dir='ltr'><strong>dicitur,at</strong></span> <span class='ocrx_word' id='word_1_299' title='bbox 1339 3294 1343 3304; x_wconf 52' lang='grc' dir='ltr'>ι</span> 
     </span>
    </p>

    <p class='ocr_par' dir='ltr' id='par_1_4' title="bbox 79 3332 1341 4295">
     <span class='ocr_line' id='line_1_37' title="bbox 107 3332 1225 3425; baseline 0 -25"><span class='ocrx_word' id='word_1_300' title='bbox 107 3332 175 3400; x_wconf 92' lang='lat' dir='ltr'><strong>uod</strong></span> <span class='ocrx_word' id='word_1_301' title='bbox 204 3333 319 3400; x_wconf 89' lang='lat' dir='ltr'><strong>humor</strong></span> <span class='ocrx_word' id='word_1_302' title='bbox 345 3357 406 3425; x_wconf 89' lang='lat' dir='ltr'><strong>per</strong></span> <span class='ocrx_word' id='word_1_303' title='bbox 433 3336 550 3403; x_wconf 91' lang='lat' dir='ltr'><strong>herbas</strong></span> <span class='ocrx_word' id='word_1_304' title='bbox 572 3333 619 3399; x_wconf 87' lang='lat' dir='ltr'><strong>rel</strong></span> <span class='ocrx_word' id='word_1_305' title='bbox 641 3335 772 3417; x_wconf 84' lang='lat' dir='ltr'><strong>arbores</strong></span> <span class='ocrx_word' id='word_1_306' title='bbox 794 3344 975 3401; x_wconf 90' lang='lat' dir='ltr'><strong>crescentes</strong></span> <span class='ocrx_word' id='word_1_307' title='bbox 998 3333 1225 3400; x_wconf 50' lang='lat' dir='ltr'><strong>insensibiliter¹</strong></span> 
     </span>
     <span class='ocr_line' id='line_1_38' title="bbox 83 3359 1341 3509; baseline -0.002 -23"><span class='ocrx_word' id='word_1_308' title='bbox 83 3359 130 3486; x_wconf 79' lang='lat' dir='ltr'><strong>de</strong></span> <span class='ocrx_word' id='word_1_309' title='bbox 151 3430 239 3485; x_wconf 90' lang='lat' dir='ltr'><strong>terra</strong></span> <span class='ocrx_word' id='word_1_310' title='bbox 257 3431 373 3509; x_wconf 84' lang='lat' dir='ltr'><strong>surgat</strong></span> <span class='ocrx_word' id='word_1_311' title='bbox 394 3431 427 3486; x_wconf 94' lang='lat' dir='ltr'><strong>et</strong></span> <span class='ocrx_word' id='word_1_312' title='bbox 448 3421 485 3487; x_wconf 90' lang='lat' dir='ltr'><strong>iis</strong></span> <span class='ocrx_word' id='word_1_313' title='bbox 514 3422 742 3487; x_wconf 89' lang='lat' dir='ltr'><strong>incrementum</strong></span> <span class='ocrx_word' id='word_1_314' title='bbox 775 3418 928 3486; x_wconf 82' lang='lat' dir='ltr'><strong>conferat.</strong></span> <span class='ocrx_word' id='word_1_315' title='bbox 979 3416 1076 3492; x_wconf 83' lang='lat' dir='ltr'><strong>Quod</strong></span> <span class='ocrx_word' id='word_1_316' title='bbox 1106 3420 1220 3499; x_wconf 81' lang='lat' dir='ltr'><strong>Ceres,</strong></span> <span class='ocrx_word' id='word_1_317' title='bbox 1340 3501 1341 3506; x_wconf 5' lang='grc' dir='ltr'>ἵ</span> 
     </span>
     <span class='ocr_line' id='line_1_39' title="bbox 83 3501 1220 3593; baseline -0.001 -23"><span class='ocrx_word' id='word_1_318' title='bbox 83 3527 172 3593; x_wconf 89' lang='lat' dir='ltr'><strong>quae</strong></span> <span class='ocrx_word' id='word_1_319' title='bbox 192 3502 254 3570; x_wconf 91' lang='lat' dir='ltr'><strong>dea</strong></span> <span class='ocrx_word' id='word_1_320' title='bbox 275 3521 324 3574; x_wconf 85' lang='lat' dir='ltr'><strong>est</strong></span> <span class='ocrx_word' id='word_1_321' title='bbox 345 3507 493 3592; x_wconf 88' lang='lat' dir='ltr'><strong>frugum,</strong></span> <span class='ocrx_word' id='word_1_322' title='bbox 516 3505 743 3593; x_wconf 89' lang='lat' dir='ltr'><strong>Proserpinam</strong></span> <span class='ocrx_word' id='word_1_323' title='bbox 765 3525 921 3589; x_wconf 82' lang='lat' dir='ltr'><strong>quaerere</strong></span> <span class='ocrx_word' id='word_1_324' title='bbox 942 3501 1073 3583; x_wconf 91' lang='lat' dir='ltr'><strong>dicitur,</strong></span> <span class='ocrx_word' id='word_1_325' title='bbox 1096 3504 1220 3591; x_wconf 81' lang='lat' dir='ltr'><strong>fruges,</strong></span> 
     </span>
     <span class='ocr_line' id='line_1_40' title="bbox 83 3588 1219 3678; baseline -0.001 -22"><span class='ocrx_word' id='word_1_326' title='bbox 83 3602 122 3656; x_wconf 91' lang='lat' dir='ltr'><strong>ut</strong></span> <span class='ocrx_word' id='word_1_327' title='bbox 150 3590 333 3678; x_wconf 89' lang='lat' dir='ltr'><strong>perhibent,</strong></span> <span class='ocrx_word' id='word_1_328' title='bbox 366 3593 526 3678; x_wconf 87' lang='lat' dir='ltr'><strong>significat</strong></span> <span class='ocrx_word' id='word_1_329' title='bbox 558 3591 672 3657; x_wconf 87' lang='lat' dir='ltr'><strong>nimiae</strong></span> <span class='ocrx_word' id='word_1_330' title='bbox 703 3590 852 3656; x_wconf 88' lang='lat' dir='ltr'><strong>siccitatis</strong></span> <span class='ocrx_word' id='word_1_331' title='bbox 879 3601 1025 3676; x_wconf 89' lang='lat' dir='ltr'><strong>tempore</strong></span> <span class='ocrx_word' id='word_1_332' title='bbox 1053 3588 1219 3655; x_wconf 90' lang='lat' dir='ltr'><strong>humorem</strong></span> 
     </span>
     <span class='ocr_line' id='line_1_41' title="bbox 80 3674 1301 3764; baseline 0.002 -22"><span class='ocrx_word' id='word_1_333' title='bbox 80 3674 279 3742; x_wconf 90' lang='lat' dir='ltr'><strong>desiderare.</strong></span> <span class='ocrx_word' id='word_1_334' title='bbox 328 3677 427 3752; x_wconf 84' lang='lat' dir='ltr'><strong>Quod</strong></span> <span class='ocrx_word' id='word_1_335' title='bbox 447 3677 673 3764; x_wconf 90' lang='lat' dir='ltr'><strong>Proserpinam</strong></span> <span class='ocrx_word' id='word_1_336' title='bbox 693 3680 810 3763; x_wconf 70' lang='lat' dir='ltr'><strong>poetae</strong></span> <span class='ocrx_word' id='word_1_337' title='bbox 828 3675 961 3741; x_wconf 88' lang='lat' dir='ltr'><strong>Junonis</strong></span> <span class='ocrx_word' id='word_1_338' title='bbox 983 3691 1218 3763; x_wconf 86' lang='lat' dir='ltr'><strong>nonnumquam</strong></span> <span class='ocrx_word' id='word_1_339' title='bbox 1226 3695 1263 3747; x_wconf 77' lang='lat' dir='ltr'><strong>to</strong></span> <span class='ocrx_word' id='word_1_340' title='bbox 1296 3710 1301 3721; x_wconf 93' lang='lat'><em>·</em></span> 
     </span>
     <span class='ocr_line' id='line_1_42' title="bbox 82 3759 1219 3846; baseline -0.001 -19"><span class='ocrx_word' id='word_1_341' title='bbox 82 3773 276 3829; x_wconf 86' lang='lat' dir='ltr'><strong>venerantur</strong></span> <span class='ocrx_word' id='word_1_342' title='bbox 311 3764 456 3840; x_wconf 85' lang='lat' dir='ltr'><strong>nomine,</strong></span> <span class='ocrx_word' id='word_1_343' title='bbox 491 3786 510 3828; x_wconf 88' lang='lat' dir='ltr'><strong>a</strong></span> <span class='ocrx_word' id='word_1_344' title='bbox 536 3762 719 3830; x_wconf 87' lang='lat' dir='ltr'><strong>Stoicorum</strong></span> <span class='ocrx_word' id='word_1_345' title='bbox 741 3759 895 3846; x_wconf 89' lang='lat' dir='ltr'><strong>dogmate</strong></span> <span class='ocrx_word' id='word_1_346' title='bbox 915 3759 1121 3827; x_wconf 89' lang='lat' dir='ltr'><strong>descendisse</strong></span> <span class='ocrx_word' id='word_1_347' title='bbox 1139 3759 1219 3826; x_wconf 84' lang='lat' dir='ltr'><strong>dici-</strong></span> 
     </span>
     <span class='ocr_line' id='line_1_43' title="bbox 81 3844 1218 3937; baseline -0.004 -22"><span class='ocrx_word' id='word_1_348' title='bbox 81 3869 174 3926; x_wconf 89' lang='lat' dir='ltr'><strong>mus,</strong></span> <span class='ocrx_word' id='word_1_349' title='bbox 196 3849 269 3935; x_wconf 91' lang='lat' dir='ltr'><strong>qui,</strong></span> <span class='ocrx_word' id='word_1_350' title='bbox 290 3860 443 3937; x_wconf 89' lang='lat' dir='ltr'><strong>utsupra</strong></span> <span class='ocrx_word' id='word_1_351' title='bbox 464 3849 717 3926; x_wconf 87' lang='lat' dir='ltr'><strong>memoravimus,</strong></span> <span class='ocrx_word' id='word_1_352' title='bbox 738 3869 835 3912; x_wconf 93' lang='lat' dir='ltr'><strong>unum</strong></span> <span class='ocrx_word' id='word_1_353' title='bbox 851 3869 924 3914; x_wconf 89' lang='lat' dir='ltr'><strong>esse</strong></span> <span class='ocrx_word' id='word_1_354' title='bbox 945 3846 1041 3911; x_wconf 94' lang='lat' dir='ltr'><strong>deum</strong></span> <span class='ocrx_word' id='word_1_355' title='bbox 1059 3844 1218 3922; x_wconf 81' lang='lat' dir='ltr'><strong>dixerunt,</strong></span> 
     </span>
     <span class='ocr_line' id='line_1_44' title="bbox 81 3930 1216 4022; baseline -0.001 -23"><span class='ocrx_word' id='word_1_356' title='bbox 81 3933 138 3999; x_wconf 92' lang='lat' dir='ltr'><strong>cui</strong></span> <span class='ocrx_word' id='word_1_357' title='bbox 159 3936 286 4000; x_wconf 90' lang='lat' dir='ltr'><strong>nomina</strong></span> <span class='ocrx_word' id='word_1_358' title='bbox 308 3935 467 4000; x_wconf 90' lang='lat' dir='ltr'><strong>variantur</strong></span> <span class='ocrx_word' id='word_1_359' title='bbox 496 3956 556 4022; x_wconf 89' lang='lat' dir='ltr'><strong>pro</strong></span> <span class='ocrx_word' id='word_1_360' title='bbox 585 3934 710 4000; x_wconf 88' lang='lat' dir='ltr'><strong>actibus</strong></span> <span class='ocrx_word' id='word_1_361' title='bbox 737 3944 771 3999; x_wconf 90' lang='lat' dir='ltr'><strong>et</strong></span> <span class='ocrx_word' id='word_1_362' title='bbox 791 3933 914 4000; x_wconf 87' lang='lat' dir='ltr'><strong>officiis.</strong></span> <span class='ocrx_word' id='word_1_363' title='bbox 967 3930 1063 3997; x_wconf 92' lang='lat' dir='ltr'><strong>Unde</strong></span> <span class='ocrx_word' id='word_1_364' title='bbox 1083 3954 1216 4021; x_wconf 90' lang='lat' dir='ltr'><strong>superos</strong></span> 
     </span>
     <span class='ocr_line' id='line_1_45' title="bbox 80 4016 1217 4108; baseline -0.002 -23"><span class='ocrx_word' id='word_1_365' title='bbox 80 4019 165 4085; x_wconf 90' lang='lat' dir='ltr'><strong>deos</strong></span> <span class='ocrx_word' id='word_1_366' title='bbox 197 4032 231 4086; x_wconf 92' lang='lat' dir='ltr'><strong>et</strong></span> <span class='ocrx_word' id='word_1_367' title='bbox 260 4020 379 4087; x_wconf 82' lang='lat' dir='ltr'><strong>inferos</strong></span> <span class='ocrx_word' id='word_1_368' title='bbox 416 4020 529 4086; x_wconf 90' lang='lat' dir='ltr'><strong>iisdem</strong></span> <span class='ocrx_word' id='word_1_369' title='bbox 556 4041 686 4108; x_wconf 91' lang='lat' dir='ltr'><strong>quoque</strong></span> <span class='ocrx_word' id='word_1_370' title='bbox 718 4018 879 4086; x_wconf 88' lang='lat' dir='ltr'><strong>vocabulis</strong></span> <span class='ocrx_word' id='word_1_371' title='bbox 910 4016 1135 4105; x_wconf 78' lang='lat' dir='ltr'><strong>appellamus,</strong></span> <span class='ocrx_word' id='word_1_372' title='bbox 1166 4028 1217 4095; x_wconf 87' lang='lat' dir='ltr'><strong>ut:</strong></span> 
     </span>
     <span class='ocr_line' id='line_1_46' title="bbox 79 4100 1259 4191; baseline 0.005 -23"><span class='ocrx_word' id='word_1_373' title='bbox 79 4105 217 4169; x_wconf 62' lang='lat' dir='ltr'><strong>tanoni</strong></span> <span class='ocrx_word' id='word_1_374' title='bbox 251 4105 414 4191; x_wconf 78' lang='lat' dir='ltr'><strong>injeruae</strong></span> <span class='ocrx_word' id='word_1_375' title='bbox 444 4106 561 4170; x_wconf 80' lang='lat' dir='ltr'><strong>dictus</strong></span> <span class='ocrx_word' id='word_1_376' title='bbox 597 4126 716 4181; x_wconf 83' lang='lat' dir='ltr'><strong>socer,</strong></span> <span class='ocrx_word' id='word_1_377' title='bbox 749 4103 782 4170; x_wconf 93' lang='lat' dir='ltr'><strong>id</strong></span> <span class='ocrx_word' id='word_1_378' title='bbox 815 4102 864 4170; x_wconf 87' lang='lat' dir='ltr'><strong>est</strong></span> <span class='ocrx_word' id='word_1_379' title='bbox 900 4103 1123 4191; x_wconf 86' lang='lat' dir='ltr'><strong>Proserpinae.</strong></span> <span class='ocrx_word' id='word_1_380' title='bbox 1174 4100 1259 4174; x_wconf 73' lang='lat' dir='ltr'><strong>utro</strong></span> 
     </span>
     <span class='ocr_line' id='line_1_47' title="bbox 79 4188 1009 4295; baseline -0.003 -37"><span class='ocrx_word' id='word_1_381' title='bbox 79 4189 175 4259; x_wconf 86' lang='lat' dir='ltr'><strong>alibi:</strong></span> <span class='ocrx_word' id='word_1_382' title='bbox 217 4192 366 4256; x_wconf 80' lang='lat' dir='ltr'><strong>Sacrum</strong></span> <span class='ocrx_word' id='word_1_383' title='bbox 388 4189 467 4257; x_wconf 80' lang='lat' dir='ltr'><strong>Jovi</strong></span> <span class='ocrx_word' id='word_1_384' title='bbox 493 4189 636 4279; x_wconf 77' lang='lat' dir='ltr'><strong>Stygio,</strong></span> <span class='ocrx_word' id='word_1_385' title='bbox 669 4188 702 4258; x_wconf 89' lang='lat' dir='ltr'><strong>id</strong></span> <span class='ocrx_word' id='word_1_386' title='bbox 727 4190 936 4259; x_wconf 85' lang='lat' dir='ltr'><strong>estPlutoni.</strong></span> <span class='ocrx_word' id='word_1_387' title='bbox 967 4214 971 4225; x_wconf 93' lang='lat'><em>·</em></span> <span class='ocrx_word' id='word_1_388' title='bbox 1004 4270 1009 4295; x_wconf 48' lang='grc' dir='ltr'>Ι</span> 
     </span>
    </p>
   </div>
   <div class='ocr_carea' id='block_1_3' title="bbox 0 0 1350 4606">
    <p class='ocr_par' dir='ltr' id='par_1_5' title="bbox 0 0 1350 4606">
     <span class='ocr_line' id='line_1_48' title="bbox 0 0 1350 4606; baseline 0 5"><span class='ocrx_word' id='word_1_389' title='bbox 0 0 1350 4606; x_wconf 95' lang='lat' dir='ltr'><strong> </strong></span> 
     </span>
    </p>
   </div>
  </div>
 </body>
</html>
