2684 4606
70 176 74 185 ’
149 136 229 263 ree
332 225 334 231 ·
468 136 1074 293 Mydogr.111.t.:l]5.'

100 434 102 445 ,
150 398 225 444 vero
255 388 440 445 venerantes
469 374 613 456 stabant,
656 381 829 469 oculosque
866 400 905 445 ac
934 392 1046 445 manus
1078 372 1120 442 ad
1151 396 1285 467 superna
1320 396 1322 407 ·

150 463 330 551 erigebant.
371 462 451 528 Inde
477 473 542 529 est:

236 575 289 643 At
309 587 411 662 pater
440 575 610 644 Anchises
640 576 753 640 occulos
775 577 824 641 cd
847 575 965 640 sidera
986 568 1100 639 laetus

168 652 178 673 ‘
237 660 399 738 Extulit,
427 672 462 725 et
483 659 577 726 caelo
593 660 734 748 palmas
756 685 834 726 cum
854 683 932 727 voce
954 658 1111 724 tetendit.

128 772 226 841 tore
248 770 371 856 favete
392 773 473 838 inter
496 770 739 860 supplicationes
772 773 957 849 dicebatur,
991 770 1079 858 quod
1109 770 1163 836 bic
1175 792 1286 835 sermo

127 872 184 927 et
214 856 375 924 sacrificiis
407 868 439 922 et
467 856 548 923 ludis
581 869 674 946 aptus
703 858 787 925 visus
816 872 873 926 est.
932 858 968 923 In
1000 856 1167 923 sacrificiis
1207 857 1286 921 euim

150 943 366 1020 taciturnitas,
398 943 430 1008 in
457 943 545 1023 ludis,
572 944 771 1010 necessarius
807 945 896 1010 favor
931 953 988 1010 est.
1041 943 1147 1008 Favet
1183 954 1286 1007 autem
1320 994 1322 1003 .

173 1030 221 1096 uis
256 1050 313 1094 ore
330 1056 334 1067 ·
350 1028 443 1094 etiam
482 1050 541 1118 per
578 1029 831 1102 taciturnitatem.
852 1078 854 1083 2
874 1030 961 1095 Hinc
993 1027 1088 1095 traxit
1117 1028 1285 1094 Horatius:

151 1054 282 1182 brivate
303 1112 448 1200 [ingeris.
483 1116 578 1189 'Sane
594 1114 709 1191 insula,
743 1138 806 1202 qua
836 1116 1029 1197 sacerdotes·
1052 1115 1084 1177 in
1113 1115 1216 1179 sacris
1238 1133 1286 1175 or·
1318 1176 1322 1195 Ξ

110 1208 245 1267 locatos
275 1198 427 1284 legimus,
472 1198 571 1266 fascia
606 1201 733 1266 eratin
762 1199 891 1269 modum
928 1197 1135 1279 diadematis,
1178 1188 1205 1265 a‘
1250 1220 1287 1263 ua
1317 1216 1320 1231 ¹

152 1287 248 1353 vittae
283 1288 323 1350 ab
347 1296 483 1373 utraque
511 1296 601 1374 parte
628 1284 869 1374 dependebant3
903 1309 987 1375 quae
1021 1285 1211 1386 plerumque
1229 1222 1287 1349 luit
1316 1284 1322 1353 ,³

153 1370 264 1441 tortilis
286 1370 328 1435 de
349 1370 422 1436 albo
444 1382 477 1437 et
498 1394 609 1439 cocco.
651 1375 740 1459 Aper
762 1394 853 1452 vero,
875 1396 940 1460 quo
964 1370 1072 1439 itidem
1098 1392 1148 1435 usr
1170 1392 1286 1435 memo·
1312 1380 1322 1419 θ

92 1501 94 1505 ·
148 1454 281 1536 rantur,
315 1457 443 1545 proprie
472 1456 558 1524 dicta
587 1469 636 1526 est
663 1458 695 1522 in
724 1481 847 1525 summo
879 1457 1054 1524 sacerdotis
1082 1455 1168 1544 pileo
1200 1454 1287 1541 virga
1318 1490 1322 1495 ·

152 1543 276 1622 lanata,
298 1542 361 1608 hoc
382 1553 447 1624 est,
469 1544 501 1609 in
523 1542 612 1634 cujus
635 1545 833 1611 extremitate
853 1543 979 1610 modica
999 1541 1071 1608 lana
1092 1554 1182 1622 erat3
1203 1536 1287 1629 quod
1318 1602 1322 1611 .

113 1630 290 1720 ltprimum
310 1641 435 1697 constat
458 1629 543 1717 apud
565 1628 676 1696 Albam
696 1631 865 1695 Ascanium
893 1630 1051 1697 statuisse.
1104 1627 1287 1693 Ferebatur
1315 1642 1322 1709 j

153 1726 261 1783 autem
297 1713 348 1780 vel
383 1712 425 1780 ad
465 1714 697 1791 ostendendum
737 1714 909 1793 sacerdotii
948 1711 1169 1793 eminentiam,
1209 1712 1287 1779 sicut

120 1800 285 1879 xmortuis
306 1800 460 1868 nobilibus
481 1800 648 1867 columnae
680 1797 721 1866 ad
748 1799 992 1888 significandum
1026 1821 1139 1865 eorum
1163 1797 1286 1865 cul-eu
1318 1816 1322 1877 j

107 1967 110 1971 .
153 1898 428 1975 superponentem
461 1887 506 1951 vel
537 1888 626 1973 qula,
656 1908 753 1972 quum
774 1886 860 1975 apud
889 1883 1148 1967 Laurolauinium
1168 1884 1286 1952 sacrifi-
1313 1892 1322 1971 ,ᾗ

155 1985 285 2051 carent,
321 1984 354 2037 et
375 1971 506 2038 extalis
529 1972 715 2061 frequenter
736 1997 810 2039 aves
832 1971 874 2038 de
895 1972 1002 2038 vicinis
1024 1972 1187 2037 venientes
1213 1969 1286 2036 lucis
1318 1972 1322 2031 4

112 2059 354 2144 noabriperent,
397 2055 564 2123 eminentia
598 2050 759 2143 virgarum
800 2082 855 2125 eas
895 2062 1077 2139 absterrere
1114 2055 1308 2123 voluerunt·

153 2142 281 2211 Exinde
299 2144 396 2209 etiam
419 2142 617 2211 consuetudo
640 2144 829 2231 permansit,
864 2158 901 2212 ut
931 2145 986 2230 qui
1014 2140 1100 2230 apud
1130 2141 1284 2209 Laurola·
1301 2166 1314 2197 ’-

67 2290 70 2295 ,
155 2230 270 2294 vinium
293 2230 528 2310 sacrificarent,
561 2229 708 2318 lugentes
735 2231 890 2297 haberent
920 2231 1043 2317 virgas,
1080 2249 1146 2293 non
1166 2230 1286 2305 breves,

154 2317 243 2381 utin
266 2317 355 2380 urbe.
398 2315 597 2404 Hujusmodi
622 2327 727 2382 tamen
759 2316 841 2404 pilea
870 2337 967 2403 quum
986 2335 1059 2409 per
1079 2326 1192 2381 aestus
1213 2328 1285 2379 nonss

22 2485 26 2489 .
83 2420 86 2432 ’
154 2423 327 2489 numquam
352 2401 436 2465 ferre
464 2414 690 2488 gravarentur,
729 2402 781 2468 filo
809 2412 938 2469 tantum,
963 2402 1085 2488 capita,
1123 2422 1165 2465 ue
1198 2398 1284 2466 nudis

113 2490 301 2576 25penitus,
337 2485 424 2573 quod
444 2487 542 2558 ,nefas
571 2488 693 2567 luerat,
736 2488 891 2577 capitibus
912 2486 1114 2565 incederent,
1151 2485 1284 2575 religare

54 2596 56 2601 ’
155 2574 307 2640 solebant.
353 2570 447 2657 Unde
478 2584 511 2639 et
539 2596 558 2639 a
576 2570 665 2659 filo,
701 2595 764 2659 quo
799 2574 987 2652 utebantur,
1011 2570 1169 2649 ¹flamines
1197 2568 1282 2659 quasi

146 2654 329 2743 filamines
360 2657 437 2725 dicti
473 2669 555 2724 sunt.
607 2659 734 2724 Verum·
753 2659 840 2726 sestis
876 2659 1011 2745 diebus,
1046 2655 1099 2723 filo
1130 2654 1282 2745 deposito,

152 2743 234 2832 pilea
256 2742 404 2830 accipere
427 2765 561 2816 necesse
583 2757 660 2810 erat.
704 2745 807 2833 Atque
829 2744 870 2809 de
893 2745 940 2811 his
967 2744 1131 2811 hactenus.
1189 2768 1193 2775 ·

189 2925 191 2929 ,
238 2856 289 2922 35.
333 2857 427 2931 Quae
446 2855 577 2943 singulis
600 2857 777 2923 numinibus
799 2857 997 2924 victimae-et
1016 2877 1117 2944 quare
1139 2853 1283 2921 decretae

113 2941 234 3018 ansint,
273 2952 306 3005 ut
329 2942 424 3028 paulo
446 2956 519 3008 ante
541 2942 680 3008 breviter
698 2943 728 3008 in
757 2954 848 3031 parte
867 2942 1047 3029 tetigimus,
1080 2941 1134 3030 qui
1158 2939 1201 3007 ad
1221 2938 1280 3029 ple'·

154 3050 227 3092 num
266 3049 360 3093 nosse
396 3052 433 3094 ex
458 3029 531 3106 etit,
600 3029 762 3095 ontificum
800 3027 895 3094 libros
911 3028 1049 3095 otiosus
1079 3032 1281 3095 transcurret

152 3113 268 3201 Neque
291 3115 373 3179 enim
396 3052 456 3179 vel
466 3051 614 3181 unimode
635 3137 746 3181 omnes
769 3112 812 3180 dii
841 3113 934 3194 culti,
966 3112 1015 3179 vel
1043 3112 1158 3182 eadem
1187 3109 1281 3193 omni·

153 3199 213 3265 bus
236 3197 342 3264 oblata
364 3212 445 3268 sunt.
489 3200 630 3287 Singulis
644 3202 735 3269 'enim
767 3200 944 3267 numinibus
975 3210 1065 3267 certa
1094 3206 1174 3267 sunt'
1192 3196 1280 3273 dona,

154 3307 237 3374 quae
274 3286 460 3353 offeruntur.
512 3286 609 3353 Unde
645 3299 710 3354 est:
756 3288 1000 3373 Strueremqne
1036 3283 1111 3350 suis
1152 3279 1281 3349 altario

31 3394 36 3405 =
112 3371 269 3447 eodonis,
298 3370 330 3436 id
353 3385 402 3440 est
422 3372 582 3460 congruis.
626 3374 711 3439 Nam
734 3382 766 3443 et
783 3370 853 3437 Jovi
879 3368 968 3459 iuxta
996 3370 1165 3437 Romanas
1187 3364 1281 3434 caerl-

40 3488 47 3493 ·
146 3457 274 3523 monias
303 3456 345 3522 de
374 3471 467 3526 tauro
502 3459 674 3525 sacrificari
709 3479 773 3525 non
807 3457 940 3538 licebat;
980 3455 1063 3527 adeo
1091 3466 1145 3536 ut,
1187 3472 1280 3543 quum

153 3544 276 3613 Aeneas
307 3553 431 3610 taurum
463 3543 549 3630 apud
579 3545 752 3611 Thraciam
783 3543 853 3609 Jovi
881 3553 1071 3623 mactasset,
1110 3548 1281 3607 monstrum

119 3680 123 3689 .
153 3629 257 3694 statim
281 3626 323 3693 de
343 3630 481 3695 eruentis
511 3630 673 3696 viminibus
710 3630 838 3717 legatur
858 3630 1072 3695 subsecutum.
1116 3625 1216 3694 Unde
1234 3622 1290 3713 ju·

116 3714 121 3729 ¹
154 3734 272 3778 vencus
293 3715 320 3779 ei
343 3713 580 3797 immolabatur;
601 3721 712 3782 taurus
736 3738 810 3782 vero
828 3736 1010 3803 numquam,
1031 3713 1091 3781 nisi
1115 3706 1280 3801 aliquando

112 3795 184 3862 eoin
213 3799 382 3886 triumpho.
432 3798 528 3875 Quod
558 3815 664 3869 tamen
691 3800 765 3867 ideo
797 3800 969 3867 admissum
1000 3813 1065 3881 est,
1105 3800 1182 3887 quia
1209 3804 1282 3864 tunt

153 3903 215 3947 uon
238 3895 359 3950 tantum
380 3886 471 3963 Jovi,
493 3885 551 3952 scd
572 3898 605 3953 et
622 3886 687 3953 aliis
709 3886 785 3967 diis,
817 3888 871 3974 qui
894 3887 924 3950 in
948 3884 1030 3953 bello
1052 3907 1147 3975 opem
1170 3884 1280 3961 ferunt,

152 3968 401 4036 sacrificabatur.
444 3971 481 4036 In
503 3972 634 4039 victimis
667 3974 747 4039 enim
776 3973 1015 4061 requirebatur,
1049 3970 1204 4041 etcertis
1225 3990 1280 4035 nu·

151 4053 287 4118 minibus
310 4070 419 4122 certae
453 4059 567 4125 aetatis
599 4058 743 4126 animalia
771 4054 994 4124 mactarentur.
1048 4058 1155 4124 Porro
1186 4064 1221 4120 ut
1250 4051 1296 4129 iu.

151 4136 356 4225 religionibus
379 4141 528 4222 saltetur,
561 4144 643 4209 baec
670 4146 752 4211 ratio
784 4156 857 4225 est,
888 4141 974 4230 quod
1003 4143 1118 4217 nullam
1146 4134 1284 4229 majored

95 4236 265 4309 repertam
284 4224 390 4294 nostri
412 4227 578 4299 voluerunt
600 4253 691 4316 esse,
726 4251 809 4320 quae
843 4242 916 4296 non¹
934 4230 1066 4298 sentiret
1085 4228 1304 4317 religionem.¹
