2692 4606
235 91 276 257 ⁵,
380 121 564 258 uyuogs.
592 155 645 230 ι..
681 152 887 233 rso-eu.
1100 174 1104 181 ·
1156 157 1209 237 tn
1252 181 1260 189 ·

419 338 529 436 ss.
584 308 812 439 assunt.

157 488 313 562 Achilles.
362 511 381 555 a
421 501 524 557 matre
565 489 683 556 tinctus
705 488 761 555 'in
798 470 914 578 Stygia
950 489 1106 577 palude,
1137 503 1207 560 toto
1336 466 1338 489 Ι

21 580 26 634 ἶ
62 597 204 665 corpore
224 573 455 642 invulnerabilis
478 574 554 654 fnit,
578 585 716 664 excepta
736 597 775 642 ea
794 587 904 663 parte,
926 598 989 662 qua
1010 586 1115 646 tentus
1137 580 1206 647 fuit.

10 714 13 723 .
62 663 128 738 Qui
156 684 256 750 quum
286 673 424 728 amatam
445 658 645 750 Polyxenam
671 661 704 726 in
725 661 842 764 templo
864 662 1013 749 accipere
1033 664 1206 738 statuisset,
1305 680 1307 685 ’

61 746 182 814 insidiis
203 746 349 829 Paridis,
373 754 448 835 post
467 743 672 812 simulacrum
692 745 835 827 latentis,
856 747 982 814 occisus
1004 759 1063 818 est
1105 749 1230 821 Undeb

62 835 213 923 tingitur,
234 832 340 931 quod,
363 844 494 937 ponente
514 831 674 920 Apolline,
695 830 789 901 Paris
810 831 962 903 direxerit
980 833 1052 903 tela.

257 1080 259 1085 ·
324 1051 394 1128 57.
447 1053 623 1127 Latona
658 1068 700 1132 et
732 1052 933 1132 Asterie.

10 1186 13 1203 '
75 1250 78 1254 ,
145 1183 231 1251 Post
250 1172 399 1250 Latonae
420 1183 546 1274 nuptias
567 1183 716 1272 luppiter
736 1205 835 1271 quum
854 1184 950 1252 etiam
972 1183 1040 1272 ejus
1061 1184 1222 1252 sorosem'

16 1273 24 1312 ”
62 1269 208 1338 Asterien
229 1268 340 1336 vitiare
359 1268 469 1349 vellet,
489 1266 541 1339 illa
562 1269 683 1356 optavit
704 1292 724 1334 a
746 1268 823 1344 diis,
846 1280 884 1337 ut
906 1270 938 1335 iu
959 1293 1051 1336 avem
1073 1290 1206 1337 eonver-
1239 1323 1240 1326 ,

62 1368 203 1437 teretur,
235 1376 392 1444 versaque
419 1356 454 1433 in
482 1355 679 1422 coturnicem
702 1355 769 1423 tuit.
811 1355 858 1423 Et
884 1377 984 1444 quum
1003 1354 1097 1425 vellet
1113 1376 1206 1421 mare
1214 1375 1249 1424 tu

10 1488 16 1513 .·
62 1441 290 1520 transfretare,
318 1440 407 1531 quod
434 1449 485 1508 est
513 1441 733 1521 coturnicum,
770 1439 882 1510 afflata
910 1463 931 1508 a
956 1441 1037 1508 Jove
1052 1452 1086 1521 et
1105 1440 1139 1506 in
1159 1440 1206 1505 la-

10 1531 46 1604 :''
60 1527 169 1616 pidem
192 1514 363 1606 conuersa,
383 1524 441 1593 din
460 1527 521 1594 sub
542 1526 693 1594 fluctibus
711 1524 811 1595 latuit.
852 1526 985 1607 Postea,
1007 1524 1215 1615 supplicante
1310 1534 1335 1571 2'

10 1642 14 1663 ³
61 1614 133 1680 Jori
160 1612 306 1692 Latona,
344 1611 448 1680 levata
478 1611 653 1714 superferri
686 1612 775 1699 aquis
805 1612 921 1700 coepit.
977 1613 1073 1680 Haec
1103 1612 1206 1699 primo
1250 1671 1258 1681 .

56 1699 216 1787 ¹Neptuno
252 1709 289 1775 ,et
327 1697 443 1765 Doridi
484 1697 546 1764 fust
578 1708 777 1765 consecrata.
830 1699 954 1766 Postea
981 1721 1078 1786 quum
1106 1699 1205 1775 June,

10 1795 15 1857 ἶ
60 1785 213 1875 Pythone
238 1783 398 1867 immisso,
427 1781 593 1871 gravidam
616 1784 774 1852 Latonam
795 1796 1052 1872 persequeretur,
1074 1781 1248 1869 (haec),15
1282 1787 1286 1795 ’

10 1862 16 1951 ἶ
61 1870 156 1939 terris
184 1870 330 1939 omnibus
361 1870 509 1957 expulsa,
543 1867 674 1937 tundent
704 1869 743 1936 ali
766 1868 874 1936 nando
895 1870 1055 1959 applicans
1078 1892 1115 1936 se
1135 1869 1206 1936 lito·
1232 1888 1279 1918 Α·

32 1958 150 2033 1ribns
197 1950 541 2058 aldororffisuscepta
570 1965 638 2036 est,
666 1964 701 2023 et
728 1893 789 2021 illc
818 1955 956 2023 Dianam
983 1956 1103 2044 primo,
1132 1965 1208 2043 post
1283 1972 1286 1980 ’

61 2000 236 2132 Apollllrem
263 2051 405 2130 peper1t3
445 2063 499 2129 qur
526 2040 650 2120 statim,
690 2040 799 2107 occiso
831 2041 999 2132 Pythone,
1039 2042 1124 2110 ultus
1157 2050 1208 2107 est
1263 2063 1265 2068 ⁴
1296 2059 1298 2064 ·

34 2189 37 2198 .
60 2130 172 2197 matris
190 2127 345 2217 iujuriam.
375 2128 464 2193 Sane
481 2134 561 2195 'nata
581 2125 687 2193 Diana
705 2127 896 2229 parturienti
916 2126 1091 2216 Apollinem
1112 2126 1205 2192 matri

62 2215 179 2284 dicitur
212 2212 399 2302 praebuisse
426 2211 605 2279 obstetricis
634 2211 785 2280 offictum.
844 2211 942 2279 Unde
972 2235 1071 2301 quum
1098 2211 1249 2281 Dionaeo
1304 2204 1308 2219 '

29 2363 34 2376 ,
62 2301 103 2369 sit
130 2301 244 2386 virgo,
278 2311 385 2366 tamen
417 2320 437 2364 a
465 2297 712 2386 parturientibus
739 2297 923 2382 invocatum
957 2297 1040 2365 haec
1068 2320 1207 2384 namque

17 2384 27 2469 ζ
46 2394 113 2454 rest
131 2387 220 2454 Juno
240 2383 347 2451 Diana
368 2384 572 2472 Proserpina
616 2382 704 2473 Nata
723 2383 822 2472 igitur
843 2384 908 2451 duo
937 2384 1066 2452 numina
1086 2398 1207 2453 terram

63 2471 123 2540 sibi
152 2468 290 2539 namlem
320 2490 430 2536 errare
457 2490 521 2536 non
541 2490 638 2556 passa
658 2478 750 2550 suut,
777 2466 838 2536 sed
859 2493 930 2537 eam
950 2469 1077 2538 duabus
1097 2469 1214 2536 insulis·
1293 2491 1297 2499 ·

26 2576 39 2641 ,’
62 2557 287 2646 religaverunt.
330 2555 457 2623 Veritas
484 2564 561 2621 nero
581 2553 686 2642 longe*
699 2553 760 2622 alia
783 2555 851 2621 suit.
895 2555 980 2622 Nam
1001 2556 1083 2623 haec
1104 2553 1205 2622 insula

25 2645 28 2649 ’
63 2666 164 2732 quum
189 2655 298 2712 terrae
321 2651 414 2709 motu
439 2640 619 2719 laboraret,
654 2640 709 2728 qui
744 2641 782 2707 fit
812 2641 872 2707 sub
906 2640 1001 2710 terris
1035 2642 1265 2710 latentibusam
1297 2640 1302 2649 “

63 2731 185 2810 ventis,
207 2724 337 2795 oraculo
358 2724 507 2816 Apollinis
531 2738 638 2793 terrae
659 2735 749 2794 motu
773 2727 886 2794 caruit.
925 2725 1011 2794 Nam
1032 2729 1208 2815 praecepit,

54 2838 106 2906 ‚ne
121 2815 188 2883 illic
204 2825 350 2882 mortuus
370 2813 576 2901 sepeliretur,
608 2822 640 2879 et
655 2811 753 2914 jussit
773 2811 932 2900 quaedam
949 2814 1108 2881 sacrificia
1128 2815 1207 2879 lieri.

63 2903 187 2970 Postea
205 2922 225 2968 e
243 2899 385 2990 Mycono
407 2900 601 2990 Gyaroque,
635 2898 744 2965 vtoinis
764 2897 890 2974 insulis,
912 2898 1021 2988 populi
1042 2912 1207 2978 venerant,

28 3003 38 3052 2·
65 2988 118 3075 qui
158 3008 231 3054 earn
264 2988 419 3053 tenerent
479 2981 578 3059 Quod
611 2983 903 3066 autem'dioimus‚
936 2984 1075 3054 Dianam
1096 2987 1205 3139 primo

64 3085 191 3152 natam,
217 3070 347 3140 rationis
375 3082 433 3138 est.
482 3070 568 3137 Nam
599 3080 740 3151 constat,
774 3069 911 3156 primum
938 3083 1066 3139 noctem
1111 3072 1248 3152 pisseto

65 3160 155 3244 cuius
172 3159 416 3225 instrumentum
439 3167 490 3224 est
508 3155 599 3238 luna,
620 3153 654 3221 id
676 3167 731 3224 est,
745 3154 868 3238 Diana;
893 3168 966 3244 post
986 3155 1088 3237 diem,
1110 3181 1206 3246 quem
1304 3156 1311 3172 '

35 3245 110 3310 'sol
137 3243 257 3327 elficit,
289 3241 344 3332 qui
372 3252 423 3309 est
451 3242 573 3331 Apollo.
619 3241 666 3310 Ut
686 3250 794 3309 autem
813 3238 915 3312 Delos
936 3241 1039 3331 primo
1065 3243 1207 3334 Ortygia

30 3346 34 3388 :
65 3330 244 3411 diceretur,
278 3328 399 3397 factum
429 3340 479 3396 est
508 3351 528 3394 a
556 3326 738 3407 coturnice,
768 3349 851 3416 quae
876 3329 1007 3396 Graece
1030 3323 1129 3418 ὄρτυξ
1152 3354 1206 3410 vo-

35 3443 44 3471 -·
67 3429 176 3499 catur3
204 3413 307 3484 Delos
335 3424 460 3493 autem,
498 3413 572 3502 quia
604 3412 659 3480 din
690 3412 799 3495 latuit,
842 3421 875 3480 ct
902 3427 1016 3502 postea
1048 3416 1205 3506 apparuit.

64 3502 148 3572 Nam
176 3501 280 3590 δῆλον
306 3500 426 3567 Graeci
446 3496 677 3584 manifestum
697 3498 816 3567 dicunt
871 3497 949 3583 Vel,
981 3500 1069 3591 quod
1101 3503 1246 3570 veriusaa

70 3587 143 3668 tuit,
181 3582 273 3675 qnia,
311 3608 409 3676 quum
442 3585 559 3672 ubique
591 3584 741 3673 Apollinis
777 3606 933 3673 responsa
961 3588 1100 3654 obscura
1132 3589 1205 3670 sint,
1282 3624 1285 3631 ·

39 3727 42 3737 .
65 3671 232 3741 manifesta
251 3670 314 3741 illic
333 3688 491 3760 responsa
510 3670 648 3757 dan'tur.x
676 3670 777 3739 Delos
807 3682 915 3738 autem
943 3685 976 3740 et
997 3673 1105 3743 civitas
1126 3673 1204 3744 dici·
1245 3708 1248 3713 ·

32 3792 35 3797 ·
65 3772 115 3829 tur
135 3769 171 3830 et
188 3757 299 3830 nsua.
341 3755 440 3828 Unde
460 3754 620 3826 interdum
640 3757 755 3848 recipit
776 3757 1053 3849 praepositionem.
1092 3798 1100 3811 τ

424 3958 493 4065 38.
547 3892 875 4073 Hesperides..v

47 4179 50 4188 ,
143 4055 369 4195 Hesperides,
390 4107 524 4177 Atlantis
543 4115 577 4176 et
596 4105 766 4197 Nymphae
787 4107 890 4188 filiae,
912 4105 1090 4175 secundnm
1112 4109 1260 4197 saba-ss·
1329 4180 1334 4193 ,

30 4197 120 4286 'hm
144 4195 276 4277 bortum
299 4194 497 4278 habuerunt,
520 4191 553 4265 in
573 4205 743 4285 quoerant
761 4192 845 4266 mala
867 4193 1108 4281 aurea,Vencri
1125 4218 1201 4263 eon·
1334 4197 1338 4207 '
