2684 4606
374 174 559 285 Mythogr.
585 175 659 258 111.
712 173 756 256 6.
785 128 877 260 26
1032 184 1040 201 ”
1121 175 1202 257 169
1254 234 1260 246 t

57 368 118 428 est
162 358 259 429 Unde
282 350 361 429 deos
380 358 572 431 immortales
596 358 759 444 dicimus‚*
778 359 855 452 qrria
881 359 944 432 ista
966 383 1031 432 non
1051 365 1200 436 sentiunt
1250 416 1253 421 -

58 446 128 514 Sed
149 448 332 517 Centauros
362 459 395 515 et
415 448 557 538 Scyllas,
593 450 769 536 Gorgonas
801 459 835 517 et
862 448 1042 540 Harpyias,
1074 452 1200 542 aliaque

54 532 262 637 prodigiosa,
291 533 367 600 ideo
380 534 473 624 justa
494 532 642 601 Servium
662 534 813 604 stabulari
842 534 993 604 dicuutur
1011 539 1044 603 in
1067 539 1197 618 foribus,

10 691 21 699 ,
55 642 132 709 qum
177 642 238 687 uae
264 631 377 687 contra
403 632 549 688 naturam
571 630 738 702 creantur,
770 620 875 689 statim
901 635 1048 711 pereunt
1089 624 1195 691 Porro

55 643 196 772 nonnulli
215 705 336 774 inferos
356 707 417 772 sub
439 717 526 775 terra
545 728 618 773 esse
635 707 818 786 voluerunt,
850 729 871 773 a
897 710 1140 797 cosmographis
1162 722 1222 778 eta

54 791 255 880 geographis
277 805 500 882 argumentum
522 815 559 859 se
584 792 706 860 habere
728 792 960 879 existimantes,
993 795 1050 884 qui
1077 807 1198 865 terram
1311 800 1317 809 ‘

53 878 276 965 sphaericam,
305 893 340 949 et
364 900 447 965 aqua
469 889 502 947 et
522 881 791 946 abre-sustentari
810 878 929 947 dicunt.
971 878 1068 956 Quod
1089 881 1116 947 si
1135 892 1196 962 est,

52 974 163 1052 potest
189 964 320 1032 naribus
342 963 385 1029 ad
407 963 573 1054 antipodas
592 966 766 1053 perveniri,
817 965 867 1046 ui,
898 978 1051 1054 quantum
1073 965 1122 1033 ad
1134 990 1196 1034 uos
1314 954 1326 981 ⁰

53 1059 195 1138 spectat,
223 1050 317 1118 inferi
346 1061 440 1130 sunt,
471 1051 557 1118 sicut
583 1073 641 1117 uos
669 1051 736 1118 illis.
814 1052 866 1117 'c
893 1065 926 1120 et
946 1055 1078 1121 Aeneae·
1093 1053 1126 1118 in
1146 1054 1195 1119 in-

53 1136 146 1202 ferno
163 1135 298 1204 dictum
332 1146 466 1225 putant:
511 1136 686 1224 Pelagine
718 1134 816 1204 venis
850 1136 1027 1204 erroribus
1062 1140 1237 1203 aetuello

53 1221 249 1289 Tiberianus
267 1221 364 1290 οῑίαιιι
384 1220 506 1289 inducit
526 1221 692 1311 epistolam
713 1234 806 1289 vento
828 1220 963 1303 ullamne,
985 1224 1194 1312 quaehabet:

54 1308 184 1395 Superi
213 1306 342 1394 inseris
368 1308 530 1373 salutem.
573 1307 648 1382 Qua
667 1310 838 1374 occasione
856 1319 974 1377 tractat
993 1308 1195 1397 recipiocum

52 1390 124 1458 boc.
167 1392 253 1459 Nam
281 1390 503 1481 prudentiores
531 1393 650 1477 animas
677 1394 768 1482 quasi
792 1415 852 1481 per
869 1389 1131 1485 μετεμψύχωσιν
1151 1395 1225 1462 ad,

53 1477 182 1547 alterius
203 1478 336 1546 climatis
356 1500 494 1566 corpora
513 1480 668 1558 transire,
700 1500 761 1545 nec
781 1478 815 1544 in
834 1500 874 1544 eo
896 1481 976 1545 orbe
996 1480 1130 1559 versari,
1159 1481 1192 1547 in

52 1586 116 1652 quo
136 1564 227 1664 prius
248 1564 357 1647 luere,
376 1563 586 1632 tradiderunt
627 1563 726 1631 Unde
746 1564 910 1631 Lucanus.
925 1594 935 1615 ν
952 1563 1067 1652 Regit
1086 1565 1236 1633 ‘idemtb
1271 1592 1275 1600 ’

51 1650 204 1738 spiritus
225 1660 329 1715 crtus
343 1647 423 1714 orbe
437 1651 520 1716 olio.
542 1653 630 1718 Sane
649 1644 908 1749 presepmtalpoocc
922 1648 1015 1738 juxta
1025 1649 1194 1719 Platonem

52 1745 86 1801 et
112 1734 317 1804 Aristotelem
345 1757 458 1804 sexum
487 1757 572 1804 nunc
598 1748 720 1816 serrat,
757 1756 842 1802 uunc
867 1746 980 1804 mutat
1030 1733 1128 1802 Unde
1159 1748 1194 1804 et

51 1820 203 1889 Caeneus
230 1831 305 1910 post
331 1833 466 1889 mortem
487 1822 520 1888 iri
537 1821 797 1911 sesumrediisse
819 1821 945 1889 dicitur.
986 1820 1066 1889 Fuit
1085 1833 1194 1890 autem

51 1906 204 1975 Caeneus
224 1908 334 1995 virgo,
364 1930 451 2010 quae
479 1931 499 1975 a
518 1908 670 1997 Neptuno
689 1909 776 2059 turpi
797 1909 941 1997 praemio
962 1907 1078 1974 meruit
1097 1931 1192 1976 sexus

50 1994 269 2061 mutationem.
323 1993 404 2060 Furt
432 1993 529 2062 etiam
555 1994 807 2073 invulnerabile,
841 1995 896 2082 qui
927 1991 1103 2082 pugnando
1134 2015 1237 2083 proto

50 2077 200 2167 Lapithis
230 2089 343 2148 contra
373 2081 556 2149 Centauros
588 2082 708 2148 crebris
736 2080 852 2148 ictibus
881 2081 1012 2147 fustium
1041 2078 1210 2169 paulatim
1296 2128 1301 2137 ·

50 2163 81 2229 in
100 2178 191 2233 terra
211 2167 294 2232 fixus
317 2174 375 2232 est.
417 2166 491 2233 Veri
512 2166 699 2236 simillimum
718 2166 818 2254 igitur
836 2165 913 2233 mibi
935 2165 1190 2251 ridetur,.,an-

50 2271 145 2317 neum
171 2251 323 2342 juvenem
352 2253 590 2338 magnanimum
621 2253 778 2332 extitisse,
808 2251 862 2340 qui
890 2273 989 2340 quum
1020 2250 1053 2316 in
1081 2260 1194 2319 tenera

51 2349 159 2404 aetate
181 2339 257 2405 nihil
272 2339 361 2404 inter
381 2339 608 2425 compatriotas
630 2339 755 2405 viriliter
770 2339 911 2423 egisset,
943 2337 1025 2404 mari
1042 2358 1193 2425 peregre

50 2420 195 2508 delatus,
223 2423 323 2491 multo
350 2420 408 2488 sibi
436 2423 545 2490 labore
572 2446 613 2495 ac
636 2425 751 2492 virtute
773 2445 889 2488 nornen
908 2423 1078 2490 maximum
1102 2445 1234 2495 com-‘ea

49 2510 183 2596 paravit.
216 2511 335 2598 ¹Virtus
354 2519 461 2574 autem
483 2509 677 2599 quantalibet
696 2531 831 2576 numero
852 2507 947 2576 cedit
1053 2498 1057 2529 ⁸
1203 2508 1211 2518 ’

133 2596 189 2664 26.
228 2593 359 2663 Plutoni
386 2594 499 2697 nigrae
526 2596 670 2685 pecudes
699 2595 919 2672 immolantur,
950 2595 1025 2682 quia
1045 2594 1192 2661 victimae

31 2681 231 2750 'numinibus
254 2695 311 2750 aut
326 2681 660 2784 pertamilitudinem,
694 2694 751 2750 aut
778 2680 1054 2771 percontrarium
1076 2679 1199 2746 decer-⁰

50 2775 181 2834 uuntur.
221 2767 290 2836 Per
310 2764 560 2850 umilitudinem,
594 2778 632 2834 ut
651 2767 782 2855 nigrum
802 2765 863 2856 ipsi
884 2788 1002 2855 pecus3
1032 2789 1091 2856 per
1112 2788 1192 2833 cona
1319 2832 1331 2848 ,

49 2852 267 2936 eaucerem,
305 2863 359 2921 ut·
376 2874 494 2941 porca,
531 2876 616 2943 quae
651 2853 801 2942 frugibus
832 2853 943 2933 obest,
984 2853 1115 2932 Cereri3
1152 2863 1233 2919 uteo

49 2936 238 3043 Aesculapio
259 2960 375 3090 capra,
414 2939 489 3026 quia
509 2953 559 3007 est
578 2938 660 3007 deus
684 2940 811 3020 salutis,
847 2961 946 3028 quum
973 2960 1070 3027 capra
1099 2960 1191 3006 nurn-

47 3041 147 3109 quam
167 3047 239 3092 eme
265 3026 298 3092 fe
320 3022 358 3090 re
384 3023 441 3106 sit;
471 3034 509 3092 ut
536 3025 657 3112 Priapo
686 3026 811 3105 asinus,
843 3023 933 3113 quod
960 3023 1191 3112 turpitudinem

47 3106 117 3196 ejus
140 3131 216 3180 cum
237 3108 387 3202 Nympha
415 3109 553 3199 quadam
583 3112 730 3179 coeuntis
758 3109 869 3178 ruditu
899 3107 1057 3178 indicarit
1077 3144 1087 3165 ·=
1111 3110 1192 3177 Fuit

46 3203 156 3262 autem
176 3195 335 3287 Priapus,
372 3207 408 3262 ut
439 3197 540 3264 refert
567 3188 714 3277 Servius,
756 3196 799 3262 de
825 3197 1026 3283 Lampsaco,
1063 3195 1190 3263 civitate

45 3278 264 3379 flellesponti,
293 3283 359 3436 gui
388 3283 431 3348 ob
461 3282 556 3363 virilis
583 3283 717 3351 membri
738 3281 991 3434 magnitudinem
1019 3305 1039 3347 a
1066 3282 1235 3380 civibusas.

45 3378 170 3453 qsetus
192 3379 251 3438 est.
324 3379 416 3437 ostea
436 3378 544 3435 tamen
572 3370 605 3435 in
628 3391 761 3435 numero
810 3390 920 3435 eorum
949 3378 1101 3457 receptus
1122 3388 1190 3434 me·

43 3450 110 3522 ruit
132 3476 206 3522 esse
227 3477 344 3523 numen
365 3454 539 3522 hortorum.
581 3457 635 3526 De
655 3457 719 3522 boc
740 3455 910 3522 Horatius:

460 3539 561 3606 Nam
572 3539 679 3628 fures
700 3540 830 3606 dextro
850 3538 983 3605 cecidet
1004 3571 1046 3593 ··-

131 3620 354 3712 Obcoenoque
367 3623 478 3692 'ruber
495 3637 677 3712 porrectus
697 3624 740 3690 ab
765 3625 915 3712 inguine
932 3623 1039 3712 palus
1059 3656 1103 3674 -

130 3706 205 3859 §let
223 3707 447 3878 impprturzos
467 3711 623 3778 volucres
645 3711 683 3776 in
706 3711 835 3778 vertice
854 3709 992 3775 arundo
1194 3737 1233 3788 ω

167 3803 262 3857 erret
310 3816 359 3857 xa
379 3831 423 3844 -

42 3878 161 3949 Hortis
181 3888 288 3945 auteur
309 3879 423 3947 merito
470 3902 599 3949 raecese
619 3879 737 3950 dicitur
755 3891 887 3973 propter
907 3902 1020 3947 eorum
1043 3877 1188 3947 leeundi·

42 3977 156 4034 tatem.
198 3964 284 4031 Nam
306 3986 406 4051 quum
426 3905 506 4035 aliae
526 3979 633 4035 terrae
650 3968 750 4036 semel
769 3970 801 4035 in
823 3989 906 4033 auno
926 3965 1045 4054 aliquid
1066 3975 1187 4045 creant,

44 4053 142 4141 aliqui
163 4049 249 4118 horti
271 4072 443 4141 numquam
466 4055 535 4122 sine
555 4054 663 4123 fructu
684 4066 767 4123 sunt
819 4052 887 4122 Sed
916 4068 949 4122 et
968 4065 1186 4121 matronarum

43 4137 273 4218 densentur,
302 4159 455 4225 quarum,
487 4152 523 4208 ut
545 4139 649 4229 ajunt,
685 4143 826 4210 factione
848 4141 932 4205 inter
958 4138 1038 4206 deos
1067 4140 1234 4209 relatusss

44 4237 104 4295 ⁰⁸²·
147 4222 326 4295 silendum
348 4224 473 4331 “uoesss
504 4225 592 4317 ‘1⁰⁰⁶
622 4249 723 4320 quum
749 4227 937 4313 numinibus
964 4225 1088 4296 ceteris
1112 4223 1212 4289 aeine
