2684 4606
10 10 686 57 *un-mr·-
733 1 1134 47 sa-n-——fl-
1152 40 1159 47 .
1174 42 1177 47 .
1195 28 1236 47 ...·.

98 257 220 375 'rsa
414 290 599 395 nynsgs.
633 290 706 365 ur.
737 288 802 365 a.
855 288 1005 367 aar.

138 479 226 551 unde
246 486 280 547 a
299 475 435 566 Cybebe
456 474 588 553 dicitur,
617 474 650 542 id
672 484 722 542 est
739 474 880 562 gloriae
898 470 1079 561 firmitas.
1120 472 1219 541 Unde
1246 484 1279 542 et

138 570 304 637 Homerus
324 565 384 629 uit:
407 562 473 628 cai
490 562 648 649 gloriam
661 560 828 647 Iuppiter
848 560 1052 628 donaverat.
1092 556 1178 627 Ideo
1198 584 1278 650 quo-

138 676 205 743 que
224 674 300 719 cum
319 648 433 715 turrita
454 668 574 713 corona
594 646 755 735 pingitur,
790 643 880 732 quod
906 645 1009 711 omnis
1029 646 1196 734 potentiae
1216 646 1279 713 ele·

141 740 225 809 ratio
246 738 280 803 iu
300 735 404 822 capite
424 732 473 799 sit.
525 731 606 799 Ideo
634 729 795 831 multiplici
817 740 907 798 reste
937 728 1041 817 fulget
1068 741 1103 798 et
1134 731 1280 800 leonibus

115 846 273 897 scutrum
300 819 499 887 trahentibus
527 818 646 898 utitur,
680 838 755 903 qum
785 817 887 883 omnis
913 816 1073 904 potentia,
1105 828 1140 885 et
1168 832 1280 886 oruata

143 923 211 992 est,
245 919 279 975 et
307 906 367 1008 ipsi
396 904 492 970 etiam
519 903 624 971 virtuti
658 901 804 968 donatur.
866 903 1039 989 sceptrum
1069 900 1151 984 fert,
1191 903 1278 995 quod
1312 926 1317 939 '

99 1036 102 1041 ·
140 1018 245 1083 regno
265 992 367 1057 vianna
387 990 429 1056 sit
448 989 550 1055 omnis
572 1000 725 1077 potestas.
759 987 865 1055 Mater
885 986 1020 1053 deorum
1043 984 1170 1069 dicitur,
1191 988 1280 1079 quod

141 1082 229 1176 apud
250 1078 396 1165 antiquos
420 1074 481 1154 dii,
499 1074 582 1140 'sive
603 1072 795 1151 daemones,
829 1073 898 1140 sire
916 1072 1077 1160 indigetes
1099 1094 1120 1141 a
1140 1074 1280 1141 divitiis

142 1179 218 1236 sunt
237 1163 324 1231 dicti.
365 1160 554 1229 Diuitiarum
575 1170 683 1226 autem
705 1168 807 1224 mater
829 1170 880 1227 est
899 1159 1051 1246 potentia
1092 1160 1190 1227 Haec
1210 1163 1280 1230 Atin

100 1274 278 1345 repuerum
299 1246 560 1314 formosissimum
583 1266 709 1311 amasso
728 1243 861 1324 dieitur,
883 1266 980 1333 quem
999 1242 1096 1310 nimio
1117 1246 1189 1314 zelo
1207 1270 1281 1315 sue-

142 1360 242 1406 censa
264 1333 422 1402 adstravit
465 1332 559 1419 Ergo
580 1328 886 1420 potentiagloriosa
913 1350 1041 1433 semper
1071 1332 1280 1400 maximarum

143 1423 342 1493 familiarium
370 1438 501 1485 suarum
530 1428 564 1484 et
594 1438 704 1483 amore
736 1426 878 1483 torretur
911 1426 945 1483 et
972 1415 1070 1483 lurore
1100 1425 1280 1507 torquetur,

142 1513 206 1580 cito
230 1532 272 1576 ue
300 1504 453 1582 abscidit,
489 1500 577 1591 quod
607 1502 730 1589 diligit,
767 1501 845 1567 duur
876 1511 985 1569 tamen
1019 1508 1166 1589 amputat
1195 1504 1279 1579 illud,

142 1533 233 1688 quoll
263 1592 339 1660 odit.
394 1588 506 1655 Omnis
522 1588 617 1655 enim
646 1608 733 1654 nunc
761 1610 799 1655 us
823 1608 865 1651 ue
891 1585 1036 1675 potentia
1063 1587 1167 1656 nescit
1194 1592 1279 1657 circa

100 1707 136 1759 15
144 1707 219 1753 suos
241 1680 423 1746 diuturnum
447 1696 575 1740 servare
595 1675 758 1741 affectum.
798 1610 880 1739 ldeo
902 1673 1018 1740 etatin
1034 1671 1098 1740 diei
1114 1674 1278 1745 voluerunt

142 1767 233 1860 quasi
253 1764 389 1840 Etitorr3
421 1768 505 1835 ἔθος
523 1760 608 1825 enim
629 1761 759 1825 Graece
787 1756 998 1822 consuetudo
1018 1757 1143 1827 dicitur.
1185 1762 1279 1865 Ergo

141 1862 416 1945 quantuscumque
436 1846 479 1913 sit
497 1867 588 1912 arnor
606 1845 639 1911 in
658 1841 852 1932 potentibus,
871 1843 993 1910 stabilis
1011 1866 1085 1913 esse
1102 1866 1167 1912 non
1183 1860 1279 1916 nont.

225 1939 257 2004 3.
298 1934 351 2000 De
372 1930 486 1998 eadem
512 1953 589 1997 vero
611 1931 686 2017 0pe
709 1928 871 2018 quaedam
890 1928 1062 2018 Remigius
1083 1930 1279 2002 evidentiora

142 2021 299 2117 proponit.
341 2018 393 2085 Ait
412 2016 512 2084 enim:
543 2015 673 2083 Saturni
701 2014 817 2103 conjux
847 2014 919 2102 Ops
947 2014 1136 2101 grandaeva
1165 2018 1281 2103 dicitrrr

98 2126 177 2189 anet
198 2105 384 2196 corpulenta
405 2114 520 2181 mater,
537 2101 625 2193 quod
645 2102 715 2189 ipsa
737 2112 786 2168 est
804 2103 1047 2168 terra-omnium
1064 2108 1280 2193 procreatum

142 2195 330 2284 corpulenta
371 2188 446 2256 ideo
483 2186 569 2275 quod
607 2185 797 2253 elementum
829 2197 936 2254 terrae
963 2189 1103 2257 crassius
1141 2202 1177 2259 et
1206 2214 1277 2259 cor·

141 2282 299 2374 pulentius
321 2287 372 2343 est
392 2273 517 2341 ceteris.
561 2273 691 2341 Vestem
714 2272 812 2340 habet
840 2271 1051 2356 discolorem,
1084 2276 1222 2364 gemmis
1245 2288 1278 2345 et

141 2368 275 2438 metallis
289 2370 450 2428 ornatam.
489 2360 585 2425 llaec
606 2359 689 2424 enim
710 2359 744 2424 iu
762 2357 934 2425 visceribus
955 2371 1114 2429 terrarum
1136 2362 1187 2428 rel
1207 2384 1277 2431 are-

143 2457 192 2523 nis
214 2451 424 2535 colliguntur3
445 2442 505 2513 sed
526 2457 559 2513 et
580 2444 766 2532 superficies
787 2455 894 2512 terrae
915 2444 1087 2515 herbarum
1107 2457 1143 2514 et
1162 2450 1277 2515 florum

41 2594 44 2599 .
100 2540 296 2613 aerarietate
317 2533 460 2600 vestitur.
508 2531 603 2597 Haec
623 2542 658 2597 et
685 2528 809 2619 Cybele
838 2530 930 2617 quasi
958 2530 1082 2597 Cabala
1111 2532 1199 2601 dicta
1219 2548 1277 2601 est.

143 2628 249 2695 'l'erra
270 2623 351 2687 enirn
373 2618 449 2683 nihil
475 2628 525 2683 est
543 2615 672 2683 solidius
699 2616 732 2681 in
755 2615 928 2683 elementis.
981 2619 1112 2687 Cabum
1141 2640 1279 2709 namque
1318 2628 1322 2669 Ι

140 2712 292 2777 solidum
322 2705 450 2784 dicunt3
483 2701 570 2769 unde
597 2714 629 2768 et
661 2700 780 2767 solidos
806 2723 956 2769 numeros
984 2702 1088 2771 cubos
1119 2727 1279 2773 vocamus.
1316 2726 1323 2775 t

141 2799 236 2876 Sive,
269 2803 307 2859 ut
339 2789 425 2856 idem
458 2787 541 2865 vult,
583 2788 754 2853 aGraeco
779 2784 898 2854 dicitur
928 2786 1070 2878 Cybele,
1102 2790 1192 2879 quod
1212 2792 1279 2859 Ira-

141 2884 207 2949 tine
238 2888 332 2947 sonat
361 2873 492 2939 rotatio
520 2872 667 2959 capitis,
710 2872 784 2958 quia
812 2872 844 2937 in
865 2872 933 2964 ejus
961 2874 1062 2944 sacris
1082 2876 1280 2946 sacerdotes

99 2969 240 3058 suipsius
262 2962 371 3033 Gallos
393 2958 574 3025 exercuisse
600 2969 860 3025 commemorant.
910 2956 1002 3026 Idem
1026 2961 1070 3027 ds
1094 2984 1135 3029 ea
1164 2986 1303 3055 paene,¹

141 3053 199 3121 sed
222 3049 317 3141 paulo
338 3045 408 3135 plus
441 3044 535 3109 sentit
555 3042 694 3108 Servius.
736 3044 788 3111 Ait
810 3043 911 3111 euim:
942 3045 1031 3113 Alma
1060 3070 1179 3137 parens
1200 3048 1278 3117 deo-
1321 3076 1323 3095 ¹

141 3161 230 3219 rum3
261 3134 378 3202 dicitur
406 3127 497 3197 tellus
518 3126 615 3193 olma
643 3129 684 3194 ab
714 3150 775 3207 eo,
809 3129 897 3216 quod
918 3152 977 3198 nos
997 3132 1087 3199 alat.
1141 3136 1279 3203 Abusina

139 3240 248 3293 tamon
266 3234 300 3288 et
321 3217 407 3294 aliis,
427 3214 543 3299 inquit,
565 3213 742 3281 numinibus
766 3215 829 3281 boc
846 3214 1008 3303 epitheton
1028 3216 1152 3289 damus.
1195 3222 1281 3289 'Per-

140 3336 209 3379 ram
232 3319 341 3375 autem
363 3311 489 3368 constat
511 3310 645 3365 matrem
673 3322 746 3366 esse
771 3300 916 3368 deorum.
953 3298 1077 3370 'Unde
1095 3314 1129 3372 et
1150 3306 1277 3375 simula-

97 3420 231 3472 ascrum
253 3393 332 3459 illius
354 3409 438 3535 corp·
456 3385 544 3535 61ωὲ
570 3384 721 3486 pingitur.
776 3386 860 3453 Nam
890 3398 978 3491 terra
1007 3401 1155 3479 tempore
1180 3414 1277 3461 verno

140 3470 658 3637 ttttltttlttltrtttlt
680 3471 960 3645 ,llttl‘tllt‘
968 3472 1131 3647 lt‘llt.
1149 3490 1278 3631 ”itt

141 3658 223 3723 enirn
253 3650 362 3719 feritas
384 3654 546 3709 maternae
579 3642 723 3732 subjacet
743 3644 905 3711 affectioni
926 3657 959 3713 et
978 3647 1006 3711 ei
1029 3647 1203 3739 subjugata
1220 3662 1278 3717 est

141 3746 250 3809 Curru
269 3733 342 3803 vehi
368 3729 505 3807 dicitur,
534 3727 621 3815 quod
652 3740 739 3795 terra
767 3729 958 3816 impendeat.
1000 3731 1081 3799 Ideo
1104 3736 1279 3804 sustinetur

99 3828 237 3905 sorotis,
279 3821 353 3912 quia
380 3814 517 3883 muudus
546 3824 669 3881 rotatur
699 3824 734 3881 et
759 3814 937 3882 revolubilis
967 3829 1027 3884 est.
1068 3818 1151 3887 Ideo
1172 3822 1278 3911 Cory·

142 3916 272 3990 bootes,
305 3905 359 3995 qui
380 3924 453 3968 cum
474 3898 590 3967 strictis
610 3899 786 3986 pinguntur
807 3900 944 3987 gladiis,
972 3901 1043 3969 e‘us
1066 3904 1200 3977 fuerunt
1220 3907 1277 3975 mi.

141 3998 247 4074 nistri,
277 4005 314 4060 ut
334 3989 548 4075 significetur,
578 4008 689 4051 ornnes
711 4007 769 4075 pro
790 3997 877 4053 terra
898 4010 957 4054 sua
979 3926 1101 4057 <lebera
1120 4014 1278 4093 pugnare.

141 4081 239 4159 Quod
261 4078 404 4147 turritam
426 4083 535 4159 gestat
566 4092 736 4150 coronam,
771 4071 927 4153 ostendit,
965 4090 1185 4163 superpositas
1213 4090 1276 4149 ter·

142 4192 199 4235 rae
219 4189 293 4233 osse
318 4163 475 4235 civitates,
510 4178 590 4245 quas
612 4157 778 4245 insignitas
801 4158 944 4241 turribus
966 4170 1102 4229 constat.

100 4271 136 4321 ss
224 4252 255 4317 4.
297 4248 350 4315 De
371 4268 409 4311 eo
432 4253 557 4319 autem,
590 4241 679 4330 quod
699 4242 771 4310 Atia
800 4242 968 4325 amaverit,
1003 4246 1157 4315 tantillum
1179 4244 1275 4317 tradit
1322 4283 1325 4309 t

143 4336 321 4423 Remigius.
362 4331 449 4413 Atis,
480 4328 597 4417 inquit,
622 4326 695 4421 βου
715 4328 960 4419 iuterpretatur,
991 4330 1023 4398 in
1052 4333 1145 4421 cujus
1171 4334 1275 4423 ligure
1320 4356 1325 4407 ι
