2684 4606
862 46 871 82 Ι
950 39 953 43 .

304 166 592 279 Hydram-111·
637 165 688 268 ⁰·
743 163 951 275 ‘dd—233.
1051 250 1055 263 Ι
1123 168 1204 249 187
1299 226 1303 243 2

139 348 193 417 22
237 349 417 417 Cerberum
443 348 622 438 tricipitem,
655 358 751 437 quem
772 334 918 416 Plutonis
933 347 1118 444 ,subjiciunt
1146 376 1204 442 pa.

55 433 171 518 dibus,
226 435 257 500 ui
280 437 381 503 etiarn
410 457 679 519 comemorans
696 436 950 524 interpretatur,
981 438 1090 506 odium
1118 440 1205 529 quod

55 520 174 607 triplici
201 459 441 605 diversitatem
470 519 563 588 terris
596 534 765 588 exercetur
792 521 981 608 intelligunt.
1006 525 1092 593 ·Est
1121 527 1205 594 enim
1264 538 1267 545 “

45 606 168 672 odium
201 606 288 677 aliud
326 605 487 686 naturale,
533 616 569 673 ut
607 606 768 692 bominum
803 621 837 675 et
872 623 1074 699 serpentum
1117 612 1204 682 aliud

55 692 206 772 causale,
244 705 279 760 ut
315 692 403 783 quod
437 714 477 759 ex
510 691 594 761 illata
623 693 736 780 injuria
761 702 999 776 commoratum
1033 696 1117 765 aliud
1149 720 1230 773 cas

57 780 168 858 saule,
202 790 361 868 utquam
392 799 451 867 pro
484 800 550 843 uno
583 780 680 847 verbo
705 800 804 867 saepe
824 781 996 847 incurritur
1016 784 1125 849 odium
1148 787 1208 863 nisi

60 879 283 955 componatur.
325 861 476 931 Nonnulli
503 864 683 943 Cerberum
707 874 827 931 terram
855 867 1062 953 tripartitam,
1100 869 1208 940 idest

10 1003 18 1012 .
57 951 184 1029 Asiam,
218 951 391 1029 Africam,
412 950 579 1037 Europam
611 949 780 1038 accipiunt
831 950 924 1025 Quae
953 964 1041 1020 terra
1070 959 1207 1024 sorbens

58 1058 217 1123 corpora,
239 1038 360 1104 animas
381 1037 476 1110 mittit
496 1034 538 1101 ad
562 1036 711 1109 Tartara.
748 1037 842 1112 Quae
864 1036 907 1103 de
927 1061 966 1104 eo
989 1039 1040 1108 alii
1060 1044 1207 1124 sentiant,

59 1122 206 1188 dicemus
226 1123 368 1190 interius.
410 1121 596 1190 Notandum
625 1132 750 1206 autem,
776 1120 928 1210 ‘singulos
955 1127 1052 1192 trium
1073 1130 1250 1200 fratrumro

59 1208 171 1274 similia
202 1231 241 1275 ex
271 1221 364 1297 parte
390 1208 511 1274 habere
534 1207 679 1294 insignia.
723 1209 834 1277 Habet
852 1210 937 1274 euim
957 1212 1105 1300 luppiter
1126 1217 1208 1282 trifi:

59 1292 139 1360 dum
168 1294 303 1374 fulmen,
334 1295 505 1397 Neptunus
531 1292 722 1374 tridentem,
754 1295 850 1362 Pluto
873 1295 969 1362 triam
991 1298 1130 1385 capitum
1154 1326 1209 1368 ca·
1327 1378 1331 1385 ¹

60 1402 143 1444 nem.
181 1380 254 1452 Nec
275 1381 441 1448 immerito.
473 1379 554 1445 'Pria
577 1402 715 1467 namque
736 1379 819 1446 baec
840 1364 984 1463 namna,
1015 1384 1096 1452 licet.
1110 1386 1209 1456 divisa

60 1477 193 1532 teneant
233 1467 385 1554 imperia,
436 1466 533 1535 totius
573 1476 680 1545 tamea
719 1466 811 1552 regui
854 1474 1054 1534 communem
1088 1472 1210 1540 babere
1329 1524 1330 1529 η

56 1562 216 1645 putantur
244 1563 452 1640 potestatem,
479 1552 564 1623 siout
592 1551 721 1638 etipsa
748 1574 832 1640 quae
852 1551 1017 1640 possident
1039 1556 1251 1635 elementale

60 1638 194 1727 physion
226 1638 308 1712 inter
337 1662 374 1705 se
425 1634 541 1703 uadum
575 1636 699 1707 ratione
728 1634 918 1726 junguntur.
972 1639 1068 1707 Unde
1098 1667 1210 1733 super.

61 1746 164 1789 vacue
184 1737 323 1802 notatur,
344 1662 432 1814 quali
450 1724 481 1788 in
505 1723 607 1812 primo
626 1723 787 1797 Aeneidos
808 1723 851 1790 de
872 1723 982 1793 alienis
1005 1732 1226 1818 conqueritur
1313 1778 1317 1789 ·

10 1884 18 1896 ι
61 1807 234 1899 lb'eptunus
256 1811 435 1890 elementis,
463 1808 590 1876 dicens:
927 1854 930 1859 ,
1141 1840 1144 1845 ·
1212 1886 1214 1897 Ι

147 1897 233 2047 {pm
254 1897 390 1966 caelum
410 1906 593 1986 terrorque
610 1914 687 1961 meo
707 1893 953 1966 aiae-numius
971 1898 1070 1965 venti
1123 1948 1129 1955 -

192 2004 300 2046 uacare
328 2020 444 2041 ...-

147 2067 201 2134 23.
244 2068 331 2136 'Pras
351 2067 429 2134 item
443 2065 563 2138 Furiae
576 2065 705 2134 Plutoni
726 2064 920 2151 deserviunt,
940 2066 974 2136 id
993 2077 1043 2134 est
1062 2067 1094 2134 in
1118 2064 1212 2136 terris

52 2164 265 2226 exercentur.
323 2155 458 2221 Harum
487 2152 665 2222 secundum
687 2152 913 2240 -Fulgentium
951 2155 1052 2244 prirna
1091 2154 1214 2235 Alecto,

20 2253 24 2267 '
64 2237 331 2327 immersabilis,
360 2235 502 2306 secunda
523 2237 702 2327 'l'isiphoue
722 2240 814 2326 quasi
841 2235 970 2310 audacto
996 2235 1102 2327 φωνή,
1122 2241 1214 2305 iata·
1325 2266 1340 2298 ι

65 2348 145 2391 rum
161 2348 239 2402 vox,
258 2326 354 2393 tertia
368 2326 524 2412 Megaera
538 2325 630 2412 quasi
639 2317 776 2414 μεγάγη
791 2331 876 2411 ἔρις,
891 2348 1026 2414 magno
1040 2325 1217 2390 eontentio

64 2410 304 2503 interpretatur.
345 2409 491 2477 Primum
521 2411 620 2488 enim,
652 2406 770 2497 iuquit,
800 2421 850 2478 est
878 2433 941 2477 non
970 2409 1135 2499 pausando
1164 2410 1254 2475 su-aa

65 2497 146 2569 riam
175 2498 364 2585 concipere,
395 2493 573 2564 secundum
599 2497 631 2561 in
654 2518 768 2563 rocem
789 2519 974 2586 erumpere,
1002 2497 1131 2564 tertium
1150 2495 1214 2584 jur-

10 2610 17 2631 ·
67 2582 159 2673 gium
188 2584 358 2671 protelare.
399 2583 457 2649 Alii
483 2594 594 2650 tamon
621 2582 809 2670 Megaeram
837 2582 1032 2662 secundam,
1064 2568 1215 2670 Tisipho-

68 2691 132 2737 uen
161 2671 291 2736 tertiam
310 2669 435 2750 volunt,
465 2691 563 2756 quam
592 2669 687 2735 etiam
708 2668 757 2734 vel
778 2669 918 2736 similiter
940 2690 1053 2737 rocem
1073 2668 1215 2748 istarum,
1296 2702 1299 2709 ·

70 2753 117 2820 ael
140 2754 294 2824 ultionem
315 2756 425 2831 mortis
446 2756 711 2844 interpretantur,
731 2766 913 2823 asserentes
933 2754 1058 2840 itidem,
1080 2756 1223 2842 primum'

70 2862 144 2907 esse
177 2853 250 2932 post
282 2842 397 2930 quietis
428 2841 700 2931 perturbationem
728 2841 814 2907 iram‘
838 2839 1004 2908 ardentem
1035 2841 1260 2923 incurrera3tro
1311 2882 1316 2889 -

71 2929 251 2995 secundum
273 2938 348 3016 post
367 2929 435 2996 irae
457 2927 702 2994 commotionem
721 2927 852 2994 multam
872 2929 1020 3015 prolerre
1042 2929 1218 2995 contentio-

10 3094 13 3103 Ι
71 3034 165 3094 uemr
200 3015 328 3082 tertium
360 3026 436 3103 post
458 3015 569 3103 jurgia
597 3026 631 3081 et
656 3015 736 3078 iram
764 3014 1005 3080 malivolentiam
1033 3023 1157 3087 tanturn
1186 3025 1220 3099 et

10 3129 31 3163 .·
71 3099 306 3168 detractionem
328 3122 501 3177 exercere,
526 3098 574 3167 val
596 3099 746 3165 ultionem
772 3111 805 3166 et
827 3123 964 3189 poenam
987 3112 1220 3188 cousequenter

10 3194 21 3261 -“,
71 3188 231 3273 irrogare.
291 3186 372 3254 'l'ria
406 3185 501 3252 etiarn
537 3188 638 3263 Fata,
677 3207 760 3273 quae
789 3208 849 3273 per
883 3185 1095 3274 antiphrasin,
1133 3185 1218 3274 quod

72 3272 148 3338 nulli
168 3283 341 3361 parcant,
365 3271 489 3339 Parcas
511 3272 716 3360 appellamus,
739 3269 843 3338 eidem
863 3271 993 3342 Plutoni
1014 3270 1260 3339 destinamusso

16 3372 20 3385 '
70 3361 211 3434 Harum,
236 3357 413 3425 secundum
427 3359 584 3434 Serrium,
607 3381 671 3423 una
691 3356 840 3445 loquitur,
863 3356 962 3425 altera
985 3359 1104 3437 scribit,
1121 3360 1221 3442 ¹tertia
1248 3398 1273 3426 ,-

72 3445 128 3514 fila
151 3443 293 3513 deducit.
335 3445 524 3515 Secundum
549 3446 729 3510 Homerum
749 3465 813 3509 uua
837 3443 941 3510 colum
963 3443 1098 3533 bajulat,
1125 3444 1223 3510 trahit

10 3568 19 3597 ,ι
75 3531 195 3611 altera,
216 3534 311 3598 tertia
330 3531 459 3634 rumpit.
489 3532 579 3611 Has,
599 3530 673 3595 licet
694 3529 894 3616 exceptrioes
916 3542 950 3596 et
969 3529 1115 3596 librariae
1134 3530 1222 3596 Jovis

10 3636 13 3641 ’
71 3619 153 3693 siut,
188 3615 276 3706 quod
305 3640 420 3684 suman
447 3618 568 3684 scilicet
596 3615 648 3681 dei
677 3613 899 3719 dispositiones
924 3614 966 3681 ad
989 3617 1139 3685 effectum
1163 3614 1223 3681 du·

12 3700 39 3797 '⁸
73 3714 172 3780 cunt,
215 3704 343 3781 Plutoni
373 3715 479 3770 tamen
508 3705 551 3769 ob
572 3701 635 3767 hoc
664 3702 823 3773 mirnstras
851 3701 983 3778 damus,
1016 3703 1090 3789 quia
1112 3718 1266 3768 earumto

70 3792 106 3856 in
128 3790 224 3856 terris
248 3791 383 3856 unanima
403 3789 512 3860 officia
533 3788 689 3857 uidentur.
719 3789 953 3876 Interpretatur
974 3799 1081 3854 autern
1104 3787 1223 3856 Clotho

72 3878 248 3951 evocatio,
272 3876 539 3951 Lachesis'aora,
565 3879 703 3962 Atropos
723 3874 798 3937 siae
817 3874 960 3943 ordiner
982 3897 1040 3961 per
1061 3897 1145 3961 quae
1167 3898 1224 3940 no·

26 3955 32 3971 '
73 3962 161 4028 ruina
184 3972 253 4028 tota
274 3962 433 4028 humanae
453 3960 537 4026 ritae
558 3961 698 4027 inanitur
718 3958 893 4048 dispositio.
932 3959 1118 4030 Evocantur
1141 3962 1224 4026 enim

75 4048 180 4133 primo
204 4048 348 4114 homiues
375 4071 416 4114 ex
444 4068 507 4111 non
538 4070 610 4114 esse
639 4047 671 4111 in
699 4067 790 4121 esse.
825 4046 891 4113 sire
920 4043 963 4110 de
992 4048 1100 4112 matris
1131 4062 1224 4114 utero

74 4137 106 4199 in
131 4134 255 4214 lueem;
285 4133 400 4200 deinde
422 4155 511 4208 sors.
541 4132 676 4222 qualitor
698 4133 814 4221 cuique
834 4131 1001 4198 vivendum
1022 4134 1080 4205 sit.
1111 4141 1268 4198 succe-46

76 4222 139 4300 dit;
174 4231 340 4308 postremo
372 4243 459 4286 mors
490 4219 574 4287 ritae
605 4221 702 4287 linem
731 4219 910 4310 importat3
939 4239 1032 4309 quae
1054 4217 1142 4282 'abeo
1175 4216 1255 4279 exne
