2684 4606
32 272 34 277 .
152 168 209 247 ou
443 151 648 273 firnata.
683 168 737 245 n.
792 167 1001 247 εει-55.

149 356 250 425 incisa
272 356 406 437 arbore,
427 377 488 425 vox
513 354 668 445 erumpit,
688 363 722 427 et
737 356 869 445 sangnis
890 355 1056 445 emanso:
1078 350 1283 447 virgultorum

149 456 258 510 antem
288 457 321 510 et
348 446 482 521 florum,
520 440 692 530 Napaeae;
727 442 879 525 fontium,
912 443 1074 534 Najades3
1110 445 1284 525 fluminum,

148 527 374 611 Potameides3
401 528 498 596 maris
527 550 622 608 vero,
656 527 824 595 Nereides.
874 528 958 596 Sunt
990 543 1098 598 autem
1127 532 1284 620 quaedam

149 613 231 680 deae
251 616 392 702 topicae,
424 613 457 680 id
485 623 535 683 est
554 612 692 701 locales,
732 637 816 701 quae
844 612 887 681 ad
913 613 975 680 aha
1002 614 1074 683 loca
1095 639 1160 683 non
1183 629 1283 687 haus·

125 708 244 778 seun't,
275 714 310 767 ut
337 699 499 777 Marica,
533 697 594 767 dea
615 699 740 766 litorum
762 699 1044 787 Minturnensium,
1076 701 1286 779 ’uxtahirinr

148 786 276 852 flrrvinm
300 785 453 852 habitans.
497 782 594 858 Quod
616 797 722 851 autern
744 791 861 873 poetae
883 786 1031 853 invocant
1051 727 1181 869 biusas,
1204 786 1282 859 hoec

149 886 198 939 est
219 872 316 951 ratio,
339 868 443 955 quod,
473 870 650 936 seeundum
673 870 866 949 Varronem,
901 871 992 959 ipsae
1012 880 1086 939 su'nt
1101 873 1280 964 Nymphae,

148 980 232 1045 qnae
261 969 294 1024 et
328 957 450 1022 Musae.
506 955 593 1023 Sane
626 954 809 1035 sciendum,
845 954 934 1043 quod
962 954 1061 1024 idem·
1080 959 1185 1025 Varro
1218 971 1280 1028 tres

147 1054 269 1110 uantum
292 1065 363 1110 esse
385 1053 557 1122 memorat;
578 1062 692 1122 uuam,
720 1063 804 1129 qrrao
825 1063 865 1107 ex
887 1064 991 1129 aquae
1014 1043 1155 1115 nascitur
1177 1058 1278 1129 motu3

68 1124 84 1180 ’-
107 1123 298 1208 loalteram,
330 1149 413 1217 quae
437 1126 519 1228 atius
547 1126 613 1196 ictu
642 1148 740 1197 sonos
762 1125 877 1209 efficit;
911 1126 1056 1212 tertiam,
1089 1142 1177 1219 quae
1195 1154 1287 1203 mora·

18 1281 45 1287 ..
145 1228 267 1285 tantuna
290 1236 369 1282 ruse
390 1211 544 1281 consistit.

515 1375 582 1453 51.
644 1371 914 1455 Astraeus.

228 1517 398 1588 Astraeus,
432 1530 527 1595 unus,
547 1507 590 1576 de
618 1506 807 1591 Titanibus,
870 1508 914 1597 ni¹
936 1515 1047 1575 contra
1075 1505 1156 1577 deos
1192 1530 1281 1579 arma

144 1607 340 1665 sumserunt,
375 1615 448 1663 cum
477 1596 601 1661 Aurora
623 1593 803 1660 concubuit.
888 1590 952 1659 nde
986 1592 1051 1660 nati
1076 1606 1153 1663 sunt
1185 1597 1279 1679 renti,

66 1700 75 1715 ··
104 1681 232 1769 lsjnxta
254 1679 441 1748 Hesiodum.
483 1680 538 1746 ne
559 1690 666 1749 autem
686 1700 762 1745 nera
781 1699 820 1744 ex
839 1685 915 1747 aire
938 1679 1059 1759 nubes,
1080 1702 1119 1746 ex
1141 1680 1293 1751 nubibus·

146 1791 247 1855 aqna,
269 1790 308 1832 ex
330 1788 435 1853 aquae
455 1777 545 1834 motu
566 1765 650 1831 renti
672 1773 830 1832 creantur.
880 1762 1008 1833 Dicitur
1038 1775 1144 1833 antem
1164 1766 1292 1851 Aeolus,

144 1875 202 1920 res
224 1865 389 1921 ventorum
411 1873 499 1933 esso,
530 1871 706 1939 eorumque
727 1848 868 1917 furorem
892 1871 957 1917 suo
981 1850 1114 1940 imperio
1142 1850 1278 1923 frenare.

496 2030 601 2107 252.
661 2028 885 2109 Aeolus.

227 2160 360 2243 Aeolus,
379 2178 382 2184 ·
404 2160 568 2252 Hippotae
595 2160 695 2243 filius,
729 2182 786 2228 rex
817 2158 991 2231 insularum
1025 2184 1159 2247 novem,
1193 2189 1276 2257 quae

102 2258 219 2317 aosunt
245 2261 321 2339 post
349 2247 464 2314 fretum
495 2246 640 2329 Siciliae,
674 2269 758 2336 quae
789 2249 831 2315 ab
852 2269 892 2313 eo
914 2246 1059 2315 Aeolios
1079 2250 1276 2345 appellantur
1303 2313 1308 2326 ,

143 2335 237 2426 (licet
259 2346 292 2404 et
323 2333 451 2422 propria
473 2334 600 2400 nomina
621 2332 796 2419 habeant),
832 2354 851 2400 a
870 2331 990 2399 nebulis
1013 2345 1047 2402 et
1068 2336 1156 2404 fumo
1183 2338 1293 2427 Vnt-¹

141 2422 265 2486 ‹eonioe
288 2417 627 2510 insuloe3.praedixit
647 2419 753 2489 futura
773 2420 878 2485 flabra
898 2429 1084 2505 ventorum;
1111 2423 1201 2489 unde
1219 2424 1277 2491 irn-

141 2505 250 2594 peritis
290 2505 375 2571 risus
412 2518 461 2574 est
496 2518 606 2574 ventos
640 2527 698 2572 sua
728 2515 894 2656 potestate
921 2504 1067 2571 retinere.
1122 2508 1318 2605 Pingiturs‘

142 2614 278 2680 narnque
299 2614 319 2657 a
340 2591 442 2680 politis
464 2614 521 2661 rex
537 2602 703 2660 uentorum
742 2590 834 2656 uisse
886 2589 1013 2661 Dicitur
1033 2601 1142 2665 antem
1165 2608 1290 2683 venus,

99 2676 243 2748 asautro'
257 2678 400 2760 frenare,
421 2679 495 2769 quia
517 2699 657 2764 concara
677 2676 749 2749 loca
768 2674 864 2767 plena
884 2686 958 2746 sunt
976 2677 1087 2747 nentis.

447 2909 450 2915 ·
511 2872 580 2949 55.
649 2822 901 2949 Titanes.

222 3003 347 3073 Ferunt
368 3001 512 3083 fabulae,
535 3002 674 3068 'ferram
693 3001 770 3086 diis,
790 3001 876 3092 quod
898 3025 969 3070 eam
990 3004 1136 3074 habitare
1156 3005 1274 3099 dedig·
1315 3016 1318 3021 '

140 3087 206 3155 nati
228 3103 317 3170 sunt,
346 3089 475 3169 iratam.
510 3088 663 3171 Titanas,
695 3090 747 3178 qui
771 3102 803 3156 et
824 3090 984 3177 Gigantes
1006 3092 1172 3177 dicuntur,
1204 3116 1273 3163 ser-
1293 3108 1318 3159 '.·

140 3175 275 3263 pentinis
304 3177 440 3243 munitos
470 3174 605 3261 pedibus
636 3174 669 3239 in
699 3176 748 3242 sni
779 3176 927 3241 ultionem
958 3198 1154 3265 procreasse.
1207 3178 1273 3257 Qui
1302 3182 1310 3259 ,'

97 3261 255 3327 aoviribus
277 3262 397 3343 confisi,
418 3260 550 3341 caelum,
570 3273 693 3327 montes
706 3262 864 3329 montibus
887 3272 1094 3348 exstruentes,
1116 3264 1193 3332 dissi
1217 3288 1272 3332 are

140 3345 285 3434 deosque
313 3346 356 3413 od
385 3360 515 3414 terram.
535 3348 738 3413 substernere
773 3348 921 3436 aggressi
956 3362 1038 3415 suut
1090 3350 1153 3426 Qui
1182 3290 1284 3417 ibris·
1315 3431 1318 3445 Ι

139 3432 327 3512 fulminibus,
349 3432 540 3522 objectuque
561 3455 581 3497 a
601 3431 742 3500 Minerva
771 3436 949 3520 Gorgonae
969 3434 1081 3523 capitis
1108 3436 1269 3526 prostrati,
1306 3462 1310 3471 ·

140 3517 214 3583 duci
236 3540 347 3585 corum
371 3519 483 3585 Atlanti
505 3519 583 3585 caeli
604 3541 703 3585 onere
724 3520 765 3585 im
791 3521 890 3598 osito,
917 3520 978 3607 ipsi
1000 3533 1157 3589 terrarum
1180 3522 1268 3591 moln-
1312 3566 1317 3591 t

139 3604 200 3671 bus
223 3604 327 3670 obruti
351 3617 433 3672 sunt.
475 3606 620 3680 Quorum
641 3605 735 3673 etiam
756 3543 956 3680 Einceladus,
986 3607 1039 3695 qni
1062 3619 1093 3676 et
1114 3608 1267 3676 Briareus
1293 3613 1314 3671 -l

97 3689 380 3778 etsive'Aegaeon
402 3691 533 3772 dicitur,
562 3689 684 3759 ardenti
711 3693 831 3759 Aetnae
858 3695 1057 3779 suppositus,
1090 3694 1198 3761 adhuc
1216 3716 1267 3762 ar·
1302 3716 1310 3779 ,l

141 3774 235 3841 dere.
256 3777 401 3864 latusque
421 3776 691 3863 mutandorotom
714 3779 852 3844 Siciliam
875 3778 1102 3859 tremefacere,
1127 3781 1281 3867 fumique·
1305 3792 1309 3827 ³

139 3885 257 3950 vapore
279 3863 437 3952 complere
460 3864 582 3929 dicitur.
625 3864 769 3945 Revera,
805 3864 862 3929 nisi
892 3886 976 3952 quae
1004 3864 1046 3930 de
1074 3865 1306 3955 Gigantibus·j3

139 3945 285 4034 legimus,
308 3949 451 4017 fabulose
472 3950 653 4037 accipimus,
677 3951 756 4016 ratio
780 3971 842 4014 non
864 3949 1019 4037 procedit.
1062 3951 1147 4019 Nam
1170 3974 1265 4041 quum

139 4032 171 4097 in
192 4033 351 4120 Phlegra,
386 4036 573 4102 Thessaliae
595 4036 683 4116 loeo,
716 4057 878 4124 pugnasse
907 4035 1070 4117 dicantur,
1104 4036 1297 4127 quomodo'

98 4118 172 4189 auin
206 4118 312 4185 Sicilia
338 4120 538 4197 Enceladus,
570 4122 654 4188 Otus
681 4121 713 4185 in
745 4122 864 4200 Creta,
897 4121 1073 4189 secundnm
1095 4124 1266 4191 Salustium
1296 4128 1304 4153 '¹

141 4203 252 4291 (unde
266 4203 344 4273 Otr’r‘
364 4207 509 4297 compi),
530 4206 705 4296 Typhoeus
725 4206 757 4272 in
771 4204 957 4298 Campania,
978 4207 1156 4296 (Inarime
1170 4208 1277 4277 Jovic·
1292 4196 1304 4269 f
