2684 4606
127 162 183 239 aa
423 124 628 266 'nyuop
656 162 690 237 1.
720 157 955 271 ¹ea--es

129 340 218 434 rege¹
232 346 345 413 missus
360 356 422 419 ,est
442 345 601 416 Hercules
627 347 663 422 in
682 346 872 428 Thraciam,
907 355 942 414 nt
969 341 1136 413 Diomedis
1167 364 1268 433 equos

131 433 325 510 adduceret,
362 432 418 520 qui
447 433 591 501 humanis
613 434 761 501 carnibus
784 433 1011 520 vescebantur,
1036 442 1112 497 eum
1130 430 1271 525 hospitio

130 518 262 607 recepit.
311 516 387 599 Alii,
414 519 468 606 qui
499 517 624 601 dicunt,
653 519 741 608 quod
762 517 921 587 Hercules
944 528 1018 584 eum
1042 516 1178 598 occidit,
1198 538 1268 584 sus-

133 617 244 693 ceptus
265 603 306 670 ab
328 626 367 668 eo
390 603 543 694 hospitio,
572 619 689 675 errant.
732 603 801 672 Sed
829 605 934 673 verius
952 605 1056 692 Asper
1076 615 1111 672 et
1129 602 1269 689 Longus

108 690 269 756 5ΡΙιοΙιιῐη
300 688 433 757 cadunt
459 690 612 759 adversus
641 693 822 760 Centauros
851 692 893 757 ab
912 688 1056 757 Hercule
1084 687 1271 767 adductum,

38 778 40 783 ’
133 799 230 875 qupm
260 774 434 841 Herculem
469 777 606 928 hosylitio
635 778 819 867 recepisset.
874 778 976 866 Asper
1010 775 1105 842 etiam
1131 775 1283 857 Pholum,

133 861 247 943 tradit,
270 858 346 925 dnm
369 863 503 948 sagittas
560 862 673 930 erculis
693 875 819 952 stupet,
840 862 895 950 qui
915 873 964 930 tot
983 862 1164 930 Centauros
1185 859 1272 929 ocei-

133 948 242 1026 derat,
271 967 366 1011 unam
397 969 434 1015 ex
460 948 519 1014 illis
539 948 571 1014 in
600 947 719 1037 pedem
747 947 922 1028 cecidisser
957 947 1047 1038 cujus
1068 947 1200 1014 vulnere
1222 971 1273 1016 sa·
1311 930 1316 977 ³

133 1033 202 1102 nari
223 1054 286 1100 non
307 1032 420 1122 potuit.
461 1033 556 1133 Ideo¹
570 1033 707 1104 eredunt
733 1033 872 1103 nonnulli
893 1034 935 1101 ab
956 1032 1101 1101 Hercule
1114 1035 1273 1133 necisum.

91 1235 128 1284 ro
386 1204 454 1283 62.
508 1201 665 1312 Hydra
698 1215 745 1283 et
776 1207 1017 1283 Hercules.

217 1334 336 1427 Hydra
357 1335 416 1406 fuit
435 1337 468 1404 in
490 1334 618 1419 Lerna,
638 1336 830 1425 Argivorum
851 1330 985 1424 palude,
1010 1356 1163 1424 serpens,
1183 1337 1275 1428 quin·
1304 1394 1310 1409 .

136 1421 290 1509 quaginta
311 1422 433 1490 habens
455 1422 576 1512 capita,
598 1422 666 1501 rel,
691 1433 728 1489 ut
748 1422 878 1511 quidam
899 1421 1027 1500 dicunt,
1054 1435 1197 1510 septem,
1220 1425 1277 1513 qrrl

137 1530 263 1574 omnem
284 1509 450 1596 regionem
476 1510 662 1578 devorabat.
705 1507 803 1584 Quod
826 1530 926 1596 quum
947 1507 1089 1575 audisset
1109 1510 1281 1592 Hercules,
1303 1566 1318 1585 ,.

138 1593 249 1661 adiens
280 1617 354 1661 ernn
385 1619 423 1662 ex
447 1596 611 1682 ugnabnt,
642 1605 675 1662 ct
704 1616 769 1662 uno
798 1618 912 1677 caeso,
941 1596 1001 1663 tria
1024 1594 1130 1682 capita
1151 1620 1305 1666 cresce·-

37 1702 40 1711 ’
96 1682 214 1759 15bant
251 1680 357 1764 (unde
379 1693 411 1750 et
462 1681 548 1748 atine
566 1690 707 1745 excetra
726 1692 775 1748 est
796 1679 911 1767 dcta).
948 1681 1054 1757 Quam
1078 1693 1192 1769 postea
1207 1686 1278 1776 Hy·

138 1766 228 1831 dram
249 1765 409 1833 Hercules
432 1765 557 1833 devicit
600 1762 668 1831 Sed
694 1772 836 1847 constat,
862 1764 1015 1852 hydram
1045 1765 1151 1841 locum
1176 1770 1280 1840 luisse

138 1865 335 1919 evomentem
358 1874 457 1939 aquas
480 1863 641 1918 vastantes
659 1850 793 1919 vicinam
815 1850 991 1933 civitatem
1014 1852 1046 1917 in
1065 1876 1148 1954 quo,
1171 1871 1281 1927 meatu

76 1997 78 2001 a
139 1959 203 2002 uno
226 1937 352 2018 clauso,
375 1937 464 2005 multi
484 1937 703 2025 erumpebant
745 1937 844 2013 Quod
866 1936 1026 2005 Hercules
1052 1937 1178 2022 videns,
1207 1943 1280 2033 ipsa

139 2023 210 2089 loca
240 2025 376 2106 exussit,
411 2036 444 2092 et
472 2021 521 2089 sic
546 2034 688 2091 meatum
716 2045 735 2088 a
759 2045 821 2090 uae
845 2022 965 2091 clausit
1007 2024 1091 2091 Narn
1113 2025 1219 2116 hydra
1238 2031 1283 2097 ab
1307 2076 1311 2081 -

97 2119 223 2207 2⁰aqua
247 2122 296 2178 est
317 2109 412 2197 dicta.
451 2108 604 2176 Potuisse
623 2120 733 2177 autem
775 2132 835 2176 aec
855 2109 951 2190 fieri,
968 2108 1020 2176 ille
1040 2110 1165 2181 indicat'
1180 2112 1283 2199 locus,
1319 2186 1321 2193 ,

139 2196 194 2346 tlibi
224 2191 357 2264 dieitur:
394 2194 613 2284 Exsequitur
640 2194 787 2276 oniam,
818 2206 925 2285 atque
953 2196 1112 2263 exundat
1138 2199 1284 2269 inutilis

151 2300 273 2347 rernzor.

375 2401 443 2477 65.
497 2400 761 2480 Aerumnae
796 2404 1044 2479 Herculis.

225 2532 315 2600 Aliae
359 2529 504 2613 uaedam,
527 2545 655 2620 praeter
678 2533 754 2611 bas,
787 2552 873 2618 quae
904 2529 959 2597 hic
980 2529 1200 2612 eontinentur,
1236 2534 1286 2602 la·

98 2619 236 2688 nebulae
264 2619 306 2685 de
335 2555 478 2685 llercule
506 2618 549 2684 fin
578 2632 682 2687 untur.
724 2615 810 2684 Nam
837 2616 940 2684 fertur
969 2630 1003 2685 et
1029 2616 1286 2705 Erymantheum

141 2705 304 2797 quendam
334 2726 446 2791 aprum
476 2641 652 2786 occidisse3
693 2715 726 2771 et
753 2723 850 2768 cerro
883 2700 1011 2770 cuidam
1040 2724 1141 2769 aurea
1161 2727 1288 2775 cornua
1318 2734 1321 2739 ·

48 2805 55 2825 ‘
142 2791 331 2869 abstulisse;
365 2801 397 2856 et
418 2791 610 2856 Amazonam
634 2787 737 2857 balteo
761 2787 915 2876 spoliasse
922 2813 934 2867 ,·
969 2800 1003 2856 et
1032 2787 1074 2854 de
1093 2790 1184 2878 equis
1204 2791 1304 2875 Dio-¹

47 2876 50 2884 ’
141 2877 243 2946 rnedis
282 2876 444 2941 victoriam
484 2876 646 2956 retulisse;
691 2885 723 2942 et
759 2873 895 2940 Lucano
934 2885 1122 2953 attestante,
1167 2876 1313 2946 Ossam·-

142 2975 300 3041 montem,
322 2983 419 3049 super
442 2957 598 3028 osituma
624 2959 819 3048 Gigantibus
842 2959 998 3049 Olympo,
1022 2960 1197 3051 dejecisse;
1225 2968 1316 3033 sub.-

101 3071 209 3120 aouno
231 3045 370 3116 anhelitu
393 2984 516 3113 OllXV
548 3069 660 3136 passus
683 3069 779 3113 cursu
799 3044 919 3134 pedum
943 3047 1150 3133 percurrisse.
1193 3050 1291 3126 Quae
1312 3046 1320 3117 ³.

144 3150 251 3205 tamen
273 3131 459 3220 praedictae
479 3131 608 3200 fabulae
628 3132 705 3200 ideo
726 3132 865 3201 hicnon
887 3130 981 3220 plene
995 3124 1190 3218 scribuntur,
1211 3138 1291 3224 quia

100 3240 103 3247 ’
143 3244 218 3291 raro
249 3218 457 3286 inveniuntur.

331 3348 414 3424 64:
455 3349 744 3453 Eurystheus
781 3361 826 3430 et
858 3347 1101 3425 Hercules.

230 3477 432 3570 Eurystheus
453 3498 510 3545 ren
532 3476 592 3548 suit
616 3478 793 3561 Graeciae,
824 3478 938 3547 Persei
960 3499 1085 3566 genus,
1113 3473 1169 3564 qni
1189 3470 1319 3546 June-2·-

105 3589 140 3639 as
148 3567 195 3635 nis
225 3566 374 3635 instinctu
403 3565 581 3653 imperabat
605 3565 756 3646 Herculi,
786 3576 821 3634 ut
841 3565 928 3632 varia
949 3573 1091 3632 monstra
1112 3578 1320 3651 superaret·

148 3653 262 3741 quibus
293 3661 404 3741 posset
430 3650 545 3738 perire.
604 3650 702 3718 Unde
734 3675 806 3719 eum
838 3650 953 3717 durum
987 3655 1083 3739 polita
1113 3650 1316 3739 appellarit,-

148 3739 201 3828 qui
223 3740 327 3828 potuit
350 3735 392 3807 ad
414 3734 638 3827 complendum
659 3738 768 3806 odium
790 3736 960 3812 novereale
979 3735 1142 3805 sulficere.

389 3892 458 3969 65.
512 3897 701 3973 Busiris
742 3907 785 3972 et
814 3892 1057 3972 Hercules.

234 4022 357 4091 Busiris
378 4044 435 4089 rex
456 4023 516 4090 luit
536 4023 686 4116 Aegypti,
729 4027 794 4103 Qui
822 4050 919 4117 quum
946 4038 1115 4113 susceptos
1146 3998 1294 4116 hospites

110 4110 345 4189 aeimmolaret,
391 4110 432 4174 ab
465 4108 610 4178 Hercule
637 4111 830 4184 interemtut
856 4126 924 4197 est,
964 4132 1063 4203 quum
1093 4111 1188 4181 etiam
1218 4132 1316 4181 eunt·

153 4195 302 4265 voluisset
322 4194 480 4264 occidere.
