2684 4606
127 146 164 198 '¹
197 166 326 302 ¹Noton
352 182 504 258 Critioae
529 185 565 255 in
592 146 701 284 myth.
731 184 764 279 1,
782 181 932 309 ΙΙ192-
948 110 1039 260 till.
1084 165 1087 170 ⁵
1157 185 1207 262 ut

67 369 130 423 irleo
149 367 194 436 (id
209 363 308 437 est'C)
326 376 417 419 autern
436 344 526 420 dicato
543 367 616 419 consi
641 361 785 419 simulacri
810 379 960 438 rapuerunt
985 368 1096 422 sabinas
1118 371 1210 440 (iavi-

52 458 123 494 nas
138 441 193 509 0),
210 449 243 491 ut
261 447 398 510 tegeretur
415 439 513 490 initum
532 436 644 506 (initum
661 452 711 494 om.
727 439 776 506 D.)
806 438 838 489 de
861 450 943 511 raptu
970 441 1065 510 (rupto
1082 442 1120 511 D)
1146 461 1208 513 con-

67 512 172 574 silium.
186 522 232 553 -’
259 510 392 579 Neptuni)
412 505 555 580 Neptunus
573 512 612 574 D;
633 505 829 579 'et''Neptunus
853 511 885 568 C.
904 541 939 550 -
956 518 992 565 25
1018 514 1116 565 circum
1141 515 1182 564 cel
1195 544 1208 555 -
1229 544 1231 551 ·
1291 577 1295 584 ¹

67 581 204 636 irrotatur
222 582 261 648 G,
289 583 334 650 qui
351 581 445 634 deinde
463 598 521 651 cum
539 583 563 633 D
582 583 656 650 plura
673 582 705 633 ad
733 582 807 649 Virg.
832 586 976 651 spectantia
1001 585 1102 638 intexit.
1121 614 1157 627 ·-
1171 590 1208 640 26
1281 628 1293 659 ,Ι

66 655 114 708 vel
131 654 217 728 quod)
236 653 281 707 uel
296 670 351 706 om.
368 654 400 705 C.
416 681 452 693 -
469 658 506 708 21
524 645 633 743 ausuri)⁸
648 669 699 706 om.
717 653 740 705 (i
758 655 792 707 D.
808 681 843 694 -

194 776 267 843 192.
311 740 529 868 ‘Hercules
556 786 599 843 et
628 772 917 864 olympiadum
947 748 1092 849 lulius.
1123 744 1152 855 v*

141 879 218 946 Haeo
235 881 324 937 labula
341 883 509 948 grammatico
536 883 638 936 cuidam
664 883 752 935 nescio
777 883 820 934 oui
844 880 890 933 sed
915 880 1074 947 antiquitatis
1100 896 1206 950 prorsus

66 951 129 1006 rudi
148 953 266 1008 debetur.
283 981 318 992 ·-
336 959 372 1006 30
389 972 470 1025 super
485 954 592 1024 equor.)
617 954 704 1006 Nove
720 955 816 1005 dictum
835 967 882 1020 pro
898 951 975 1023 equis
989 955 1061 1004 necti
1078 956 1118 1006 vel
1131 973 1205 1033 pug-

68 1033 207 1091 naverunt
225 1057 257 1077 ..
274 1025 418 1096 ex‘equis·
440 1053 476 1065 ..
498 1029 532 1079 31
561 1043 580 1075 α
602 1024 694 1096 longe)
720 1023 836 1076 Barbare
860 1024 957 1075 dictum
982 1040 1030 1091 pro
1060 1043 1075 1074 e
1099 1025 1205 1096 longin-

69 1112 134 1216 puo.
150 1121 187 1134 -
204 1098 242 1148 ³4
266 1093 394 1164 solempni
401 1097 504 1162 -Mujus
529 1123 563 1136 -
592 1101 627 1148 35
653 1093 704 1146 sub
728 1113 795 1156 uno,
809 1093 914 1162 anlrel.)
950 1095 991 1146 De
1012 1094 1062 1148 hoo
1085 1097 1207 1151 Herculis

80 1165 177 1231 abore,
199 1163 245 1232 qui
261 1181 324 1218 sana
342 1168 427 1219 nullus
450 1173 503 1235 est,
531 1166 584 1220 vida
608 1184 667 1236 sup.
685 1170 730 1219 63.
765 1166 817 1220 Hic
842 1167 919 1234 paulo
941 1166 1050 1218 facetius
1076 1168 1205 1222 Hercules

1263 120 1274 147 ‘
1323 138 1334 178 r

69 1229 228 1288 millimodo
246 1255 327 1288 cursu
348 1237 447 1307 pedum
470 1241 627 1306 percurrisse
654 1238 765 1290 traditur
790 1239 910 1311 studium.
927 1265 963 1275 -
980 1237 1117 1306 miliaris.)
1153 1241 1208 1294 Sos
1281 1290 1284 1308 ,
1319 1282 1322 1291 .

70 1307 185 1360 nundum
201 1314 317 1361 nostrum
335 1309 439 1360 miliare
463 1310 547 1369 tribus
572 1308 815 1372 consistimus,
844 1325 892 1362 seu
917 1312 972 1362 375
996 1311 1129 1376 passibns3
1155 1311 1205 1362 mi-

10 1394 34 1423 ·-
70 1380 181 1430 liarium
198 1387 285 1432 autem
303 1386 363 1432 orto
380 1380 469 1433 stadiis
481 1397 529 1433 sen
546 1383 607 1434 mile
624 1381 757 1448 passibus,
780 1380 829 1432 nisi
844 1380 933 1446 legere
951 1387 1064 1447 praestat
1082 1390 1205 1435 octavam
1260 1436 1265 1441 ,

51 1460 181 1520 purtem,
194 1450 316 1516 utilioris,
331 1454 369 1503 ita
385 1459 415 1505 nt
432 1451 535 1503 milia're
553 1459 580 1505 et
597 1451 742 1502 miliarium
758 1452 827 1504 idern
845 1453 887 1508 sit.
924 1451 964 1502 De
982 1454 1084 1504 nomine
1102 1452 1206 1506 miliare

70 1522 221 1574 dubitarunt
237 1522 312 1574 editt·
329 1523 386 1576 Cio.
416 1524 449 1575 ad
469 1527 529 1575 mu.
554 1526 739 1588 o‚1.-'3r
763 1521 850 1590 stari.)
886 1521 974 1576 Sahal.
997 1523 1031 1575 ad
1055 1525 1154 1582 Lucan.
1179 1531 1218 1592 4,st
1305 1544 1309 1548 ·

70 1597 133 1650 614.
151 1620 186 1633 ·-
204 1596 238 1646 49
259 1591 411 1662 Olympias)
430 1593 478 1664 pro
494 1593 559 1644 ludo
574 1591 709 1663 Olympico
728 1609 822 1646 norum
835 1601 876 1646 est
892 1594 918 1646 in
930 1594 1050 1647 Romano
1068 1598 1203 1664 scriptore,
1285 1634 1288 1641 .

72 1665 120 1718 etsi
138 1665 243 1717 minima
261 1667 378 1729 ignotum
396 1665 521 1730 Graecis,
538 1673 569 1719 ut
586 1666 687 1720 Herod.
704 1671 730 1730 7,
748 1669 810 1730 206,
829 1667 894 1718 aliis.
912 1691 948 1706 ·-
966 1669 998 1718 41
1019 1667 1097 1719 unitis
1116 1667 1205 1731 triba
1304 1679 1311 1699 ¹
1332 1671 1335 1683 '

71 1729 150 1803 etc-J
176 1736 237 1788 Hoc
253 1744 343 1788 contra
362 1745 477 1790 veterum
495 1736 573 1789 tidem
591 1737 708 1790 traditur.
742 1738 807 1788 Post
824 1744 957 1804 peractum
975 1754 1068 1790 annum
1086 1747 1205 1805 quartum
1253 1762 1255 1769 ·

72 1808 207 1876 Olympias
224 1815 264 1859 est
283 1809 364 1859 finita·
400 1810 475 1861 Unda
494 1808 605 1860 Romani
630 1811 723 1875 poitae
746 1809 918 1876 olympiadem
937 1811 1040 1877 saepius
1058 1827 1105 1879 pro
1123 1814 1204 1863 instro

72 1883 88 1930 i.
107 1895 132 1930 o.
158 1879 331 1945 quinquennio
356 1887 468 1947 ponuut3
495 1880 557 1946 quin
582 1882 659 1931 etiam
684 1878 764 1933 schol.
790 1881 822 1931 ad
848 1881 915 1932 Stat.
943 1879 993 1932 Th.
1020 1900 1047 1950 p.
1071 1887 1105 1934 71
1123 1884 1205 1936 lovis

35 2014 42 2040 ·.
72 1950 203 2019 Olympici
220 1958 325 2003 suornm
339 1953 485 2005 intermisso
504 1951 677 2018 quinquennio
694 1951 779 2004 redire
797 1952 869 2005 dicit.
886 1980 922 1992 -

43 2132 79 2145 ,.
334 2073 427 2152 193.
470 2072 587 2140 Serv.
615 2071 665 2138 ad
694 2075 758 2139 Ae.
790 2074 828 2154 8,
850 2071 924 2141 330.
986 2150 990 2157 ¹

139 2165 169 2215 vj
183 2168 201 2214 9
215 2179 344 2234 pugnans
362 2160 456 2212 cecidit
475 2161 497 2212 C
515 2163 548 2212 D.
567 2188 602 2200 -
622 2166 657 2212 10
679 2159 779 2228 Tibris)
798 2167 871 2214 recte
894 2178 947 2214 om·
971 2163 994 2214 C
1022 2162 1053 2214 D.
1075 2165 1150 2214 Serr-
1169 2165 1203 2216 ud

70 2238 117 2289 Ae.
138 2240 174 2301 8,
191 2239 243 2287 ut:
267 2234 296 2284 in
319 2231 405 2297 sacris
425 2227 580 2293 Tiberinus,
603 2232 632 2282 in
657 2230 806 2282 coenolexiu
825 2228 942 2288 Tiberis,
967 2233 997 2284 in
1011 2238 1135 2300 pointute
1157 2236 1206 2300 tiz,
1276 2246 1299 2264 ‘1

63 2306 124 2360 'bris
147 2298 271 2361 notatur.
296 2332 332 2345 -
376 2301 452 2369 Alit)
476 2301 543 2352 alibi
564 2303 601 2354 D(
623 2331 658 2342 —
683 2306 717 2353 12
742 2302 812 2354 unde
836 2301 916 2354 tibris
940 2301 1052 2370 (thibris
1069 2305 1105 2370 G)
1124 2306 1204 2376 quusi

67 2371 145 2449 ὕβρις
164 2375 250 2445 (liipis
267 2376 303 2444 C)
323 2375 412 2425 (lictus
430 2382 472 2425 est
490 2368 540 2424 nini
558 2374 605 2442 τῆς
630 2365 727 2442 ὕβρεως
752 2374 771 2431 i,
789 2390 813 2425 e.
830 2372 867 2423 ab
880 2373 992 2438 injuria.
1029 2376 1101 2424 Num
1126 2393 1204 2426 arnu-

69 2450 137 2502 baut
156 2451 270 2517 majores
288 2444 335 2497 ubi
351 2444 484 2513 aspiratio
500 2454 562 2495 erar
579 2446 716 2512 Oponere
732 2444 755 2496 C
772 2444 805 2498 D.
841 2445 911 2497 Hinc
936 2443 1121 2514 itaqnepatet
1138 2448 1204 2501 scri-

69 2522 185 2575 bendum
200 2534 257 2572 essa
272 2514 396 2586 unybris,
409 2516 506 2569 ntieoit
517 2515 605 2570 Burm.
620 2516 646 2566 in
655 2516 731 2569 Orid.
745 2516 777 2571 F.
787 2520 813 2572 2,
826 2520 881 2568 989
896 2521 923 2568 et
935 2517 1005 2573 aiibi.
1014 2545 1048 2556 -
1057 2522 1090 2571 13
1103 2516 1204 2575 Aliiut

67 2585 749 2725 39111113111113112111·“”
773 2586 923 2710 itin
939 2567 1215 2729 {nitimini

69 2683 88 2716 a
105 2682 130 2715 rr
204 2681 220 2713 u
323 2685 384 2713 .-·
694 2697 701 2715 .
726 2685 762 2697 -
1154 2701 1163 2718 ,

70 2730 432 2789 ι).-1111ιι“1νιή0.-
467 2729 533 2798 Sed)
554 2745 604 2783 om
624 2730 646 2783 C
664 2730 698 2786 D.
715 2758 751 2768 —
787 2730 924 2782 Caetemm
941 2731 1031 2789 Livius
1051 2737 1083 2798 l,
1100 2737 1131 2785 3:
1142 2734 1204 2801 flu·
1273 2756 1275 2761 ·

68 2807 132 2859 vius
146 2802 268 2869 Albula,
287 2820 363 2875 quem
382 2819 453 2853 nuno
470 2801 583 2853 tiberim
606 2809 714 2856 uocant.
732 2802 768 2838 1-
805 2800 998 2866 Tiberinus-
1016 2804 1064 2873 qui
1090 2806 1118 2856 in
1144 2813 1204 2856 rra-

64 2883 152 2947 jectu,
164 2873 286 2928 Albulae
303 2871 559 2925 amnissubmersus
576 2871 674 2924 celebre
691 2871 730 2923 ad
742 2882 865 2942 posteros
890 2890 982 2926 nomen
993 2874 1105 2941 sturnini
1122 2875 1205 2930 dedit.
1248 2905 1253 2911 -

63 2949 113 3005 ’(11.
131 2949 208 3003 Varr.
225 2947 258 2998 de
276 2945 309 2998 L.
328 2947 363 2998 L.
380 2949 413 3009 5,
430 2950 449 2998 5
467 2961 493 3012 p·
511 2949 546 2996 45
561 2946 676 3012 Spang„
701 2934 815 3010 Dionys.
826 2945 887 3004 Hal.
902 2942 990 2997 dreit.
1008 2948 1039 3010 1,
1056 2952 1089 2999 rl
1107 2966 1136 3019 p.
1151 2952 1204 3001 118

68 3020 182 3084 neum,
199 3019 277 3072 ovid.
295 3017 326 3069 F·
345 3021 379 3082 2,
396 3019 465 3082 089,
479 3016 554 3071 Serv.
574 3016 614 3068 ad
626 3019 672 3075 Aa.
689 3020 721 3081 6,
742 3020 779 3068 12
795 3020 823 3068 et
839 3019 873 3074 3.
888 3022 950 3070 500.
969 3040 1004 3055 -

142 3140 215 3227 194,
259 3139 368 3206 Serv.
401 3134 450 3202 ad
480 3134 568 3202 nal.
595 3137 632 3219 6,
657 3139 718 3218 72,
749 3139 953 3227 mythogr.
984 3137 1033 3217 11,
1055 3139 1128 3206 224.

143 3246 268 3299 Grineum
286 3247 309 3298 C
328 3247 361 3302 D.
380 3272 415 3283 -
434 3243 555 3312 finibus)
578 3244 654 3297 silvis
672 3245 707 3297 D.
723 3257 760 3279 -'·-
777 3244 849 3295 Ionii
866 3247 930 3314 Maji
948 3246 1007 3300 cod.
1024 3271 1061 3284 -
1077 3251 1115 3299 22
1132 3249 1204 3300 inter

68 3338 97 3372 se
116 3316 180 3371 lrab.
199 3326 263 3372 cert.
281 3319 304 3370 C
322 3318 363 3382 Ι),
380 3315 455 3368 inter
470 3334 498 3366 re
515 3325 579 3369 cert.
597 3315 658 3368 nah.
686 3317 718 3369 B.
739 3344 776 3357 -
793 3320 828 3368 29
853 3308 955 3387 Mopsi)
984 3322 1080 3390 Mopso
1108 3309 1204 3373 rictius

68 3393 93 3444 B
114 3391 137 3442 C
155 3390 295 3445 1).·-24
313 3392 375 3440 Ηοο
393 3397 483 3438 autern
501 3388 553 3437 Eu·
577 3389 712 3439 continent
737 3405 818 3438 curm.
842 3389 864 3439 G
888 3388 921 3444 D.
957 3390 1031 3444 Haec
1054 3399 1081 3444 et
1105 3393 1203 3458 reliqua
1265 3389 1267 3393 Α

68 3463 159 3516 omisit
175 3461 207 3513 Β.
223 3488 260 3500 -
280 3465 317 3513 26
347 3458 470 3526 Virgilii)
496 3473 548 3515 om.
572 3459 595 3510 C
616 3460 650 3512 D·
676 3459 736 3515 vid.
764 3459 799 3526 ej.
824 3458 880 3514 Eoi.
906 3465 954 3525 10,
979 3467 1016 3514 60
1041 3463 1103 3528 ibiq.
1128 3465 1202 3516 Serv.
1255 3467 1258 3480 '

68 3535 176 3600 Fragm.
195 3531 312 3602 Euphor.
331 3550 359 3600 p.
378 3535 413 3582 35
432 3539 459 3583 et
475 3533 525 3583 101
546 3545 585 3596 sq.
609 3532 649 3583 ad.
674 3530 804 3584 Meineck.
830 3532 874 3598 qui
891 3531 955 3584 haec
972 3549 987 3585 e
1007 3535 1031 3588 V
1051 3533 1203 3585 Ciciliaclum

32 3648 38 3656 .
68 3606 137 3658 libro
155 3621 170 3654 a
188 3605 267 3656 Gallo
284 3605 398 3656 derivata
415 3617 474 3654 essa
497 3602 638 3658 contendit.
654 3629 690 3641 -
715 3600 860 3653 calchidica
884 3603 907 3655 c
931 3603 964 3659 D.
982 3633 1019 3648 ·-
1035 3610 1071 3658 28
1103 3602 1203 3659 colchis

53 3674 107 3742 '03
136 3673 219 3728 culcis
240 3676 274 3732 D.
300 3699 336 3710 -
363 3673 464 3744 suerat
486 3672 610 3742 euforion
635 3674 657 3729 C
681 3673 714 3724 D.
738 3703 774 3714 --
808 3675 911 3726 Probus
940 3675 972 3726 ad
996 3676 1053 3729 Eoi.
1079 3681 1127 3742 10,
1151 3682 1202 3729 502

55 3746 243 3815 Rupilium,
274 3745 421 3818 elegiarum
444 3743 573 3814 scriptor,
603 3743 784 3795 Chalcidensis
804 3744 884 3813 suit,
911 3749 991 3813 cujus
1015 3748 1043 3799 in
1067 3746 1203 3799 scribendo
1238 3803 1243 3811 ,

67 3827 179 3870 εκαηιε
206 3817 315 3870 colorem
340 3815 448 3869 viderur
474 3815 575 3868 Conui.
601 3816 705 3866 Gallus.
743 3816 783 3867 Cf.
810 3818 926 3870 Diomed.
950 3823 967 3870 0
992 3837 1018 3887 p.
1038 3823 1104 3884 462,
1122 3823 1154 3885 3,
1176 3828 1204 3874 et

67 3896 215 3944 cantatores
233 3888 405 3959 Euphorionis
424 3905 466 3958 ap.
486 3888 540 3941 Cio.
559 3887 639 3945 Tuae.
657 3889 692 3946 Q.
709 3891 740 3951 3,
759 3891 802 3946 19.

29 4005 34 4018 ’
122 4014 208 4099 las,
238 4013 348 4079 Serv.
379 4007 429 4075 ad
457 4007 579 4087 tau.
603 4009 674 4077 121.
701 4009 768 4098 (ol.
796 4007 847 4076 ad
876 4013 936 4077 Ae.
968 4012 1030 4094 11,
1051 4011 1148 4094 264),

449 4094 653 4184 mythogr.
675 4093 727 4176 ΙΙ,
746 4097 822 4162 210.

139 4201 162 4234 ν.
182 4168 352 4239 wilretensi
370 4198 415 4234 rex
440 4183 463 4234 D
482 4184 504 4235 C
522 4184 555 4235 D·
571 4210 607 4222 ··-
623 4187 657 4240 ul
684 4202 766 4254 quurn
789 4190 967 4236 reverteretur
984 4181 1016 4236 C.
1034 4210 1070 4222 -
1087 4182 1208 4248 sacrific..

62 4273 92 4306 ar
112 4256 134 4307 C
154 4256 187 4311 D.
202 4284 240 4295 —
256 4253 361 4308 devovit
378 4262 498 4325 propter,
514 4253 661 4310 sedandum
688 4262 878 4327 tempestatem
902 4251 1075 4322 sucrificium
1103 4271 1131 4301 sa
1159 4252 1228 4298 aare
