2684 4606
288 180 520 286 ,Mythngm
549 181 582 258 l.
638 176 894 258 tta-150.
1010 210 1019 233 Ι
1130 178 1189 258 dl

47 368 215 440 radiorum
242 365 317 436 solis
339 379 373 436 et
397 388 553 436 comunm
580 368 676 435 lunae
702 365 821 436 similis.
864 366 977 435 Ruhet
1001 356 1070 458 ejus
1094 367 1193 436 facies

49 456 92 524 ad
121 454 262 524 aetheris
289 455 513 522 imitationem.
548 455 586 524 In
613 466 747 545 pectore
774 452 938 521 nebridem
967 453 1064 523 habet
1090 454 1194 523 stellass

48 557 137 622 tam,
181 540 224 607 ad
256 539 416 607 stellarum
446 540 630 627 imaginem.
692 540 830 608 Inferior
862 541 930 628 ejus
963 563 1038 628 pars
1071 540 1195 630 hispida

50 639 185 717 propter
205 626 355 707 arbores,
383 626 430 691 vir
488 638 537 707 tn,
567 628 663 695 feras.
713 626 871 714 Capriuos
893 622 992 715 pedes
1015 626 1128 706 habet,
1157 638 1194 693 ut

50 712 205 782 ostendat
228 722 336 778 terrae
363 711 421 778 soli
442 724 563 815 ptatem.
598 712 751 817 'Fiptulas
778 713 878 779 habet
904 723 1026 815 septem
1056 712 1218 778 calamo-o

50 822 131 954 tir.
147 797 505 971 truncata
529 797 1084 951 satisnszhr‘str.
1099 796 1197 972 ‘2¹:23

51 963 258 1057 καλαύροπα
283 968 398 1048 habet,
428 967 462 1034 id
489 981 539 1036 est
560 967 709 1054 pedum,
742 970 816 1057 quia
840 991 940 1036 annus
968 971 1051 1038 intra
1079 992 1118 1036 se
1144 991 1198 1035 re·
1229 1052 1232 1057 Ι

53 1056 165 1124 currit.
216 1053 298 1131 Hic,
328 1053 404 1141 qnia
423 1053 520 1131 totius
541 1065 676 1122 naturae
696 1053 776 1122 dens
798 1067 865 1133 est,
894 1079 914 1122 a
936 1058 1041 1144 poetis
1064 1055 1198 1143 lingitur
1257 1108 1259 1117 ,

53 1165 129 1209 cnm
146 1142 265 1207 Amore
281 1138 346 1205 deo
368 1138 521 1219 luctatus,
545 1151 579 1206 et
596 1141 637 1205 ah
657 1163 697 1207 eo
718 1143 836 1220 rictus,
863 1141 937 1229 qnia
957 1165 1057 1206 curor
1077 1141 1241 1206 ornatam
1328 1222 1330 1226 ι

55 1226 182 1294 vincit.
211 1224 291 1291 llic
311 1247 348 1290 er
415 1226 532 1293 amarit
553 1224 648 1314 Syrin
674 1249 725 1294 am
747 1227 948 1321 Nympham,
982 1248 1200 1315 quamquam

53 1313 298 1401 insequeretur,
333 1311 353 1376 il
395 1362 405 1394 ,
444 1311 611 1403 implorato
679 1334 772 1379 errae
805 1313 938 1394 anxilio,
977 1314 1010 1378 in
1043 1313 1201 1380 calamum

53 1419 148 1553 hildi
180 1405 251 1547 ests3
274 1416 385 1498 ‘quem
413 1396 485 1466 Pan
516 1389 559 1465 ad
589 1399 706 1468 amoris
733 1398 881 1467 solatium
908 1397 1039 1481 incidit,
1079 1412 1113 1467 et
1141 1398 1201 1495 sibi

139 1504 194 1550 am
237 1492 309 1549 ecit.

378 1614 518 1723 ⁸128.
577 1649 832 1726 Vulcanus.
942 1698 945 1703 ·
1208 1676 1280 1743 157

142 1777 325 1857 Vulcanus,
357 1782 398 1843 eo
426 1775 516 1864 quod
543 1774 696 1847 deformis
726 1791 830 1857 esset,
862 1801 884 1846 a
911 1777 1095 1867 parentibus
1126 1776 1202 1858 suis,
1297 1850 1302 1859 ,

56 1866 90 1932 id
111 1879 163 1932 est
186 1864 269 1931 Jove
289 1874 322 1930 et
341 1863 488 1942 Junone,
517 1875 642 1952 spretus
667 1872 735 1944 est',
765 1877 798 1934 et
824 1865 856 1930 in
885 1863 1020 1930 insulam
1043 1864 1203 1929 Lemnum
1242 1890 1250 1899 ’

80 1950 313 2039 raecipitatus,
353 1949 481 2037 illicque
510 1970 531 2013 a
559 1948 669 2018 Sintiis
698 1952 842 2020 nutritus.
902 1950 970 2017 Hic
1001 1972 1099 2037 quum
1130 1950 1203 2015 Jovi

57 1976 192 2103 lnlmiua
207 2086 210 2091 .
224 2034 421 2115 fabricaret,
463 2051 529 2099 non
563 2045 614 2102 cst
645 2034 803 2105 admissus
839 2035 882 2103 ad
914 2034 1023 2124 epulas
1057 2034 1201 2102 dennuni.

59 2124 184 2190 Postea
205 2143 304 2209 quum
325 2130 459 2207 rogaret
477 2130 601 2208 patrem
622 2143 716 2189 snum
730 2123 861 2204 Jorem,
884 2134 923 2192 nt
938 2121 1023 2187 idem
1041 2121 1246 2187 Minervaeuo

60 2207 462 2380 tltttffpttlttta
491 2208 904 2362 whittttlht
926 2208 1204 2363 dimidiis?

62 2392 97 2447 et
125 2379 257 2445 ninnium
285 2377 480 2459 reluctante,
518 2387 611 2443 natus
639 2391 691 2449 est
717 2402 812 2468 puer.
847 2320 1204 2478 dracdnteisppedibus:

62 2464 117 2553 qui
145 2463 321 2555 appellatus
343 2474 394 2531 est
414 2462 659 2543 Erichthonius,
689 2467 778 2554 quasi
802 2465 845 2531 de
865 2479 964 2533 terra
986 2465 1104 2530 atlete
1130 2478 1236 2552 prob

63 2565 211 2617 creatus:
244 2571 316 2614 nam
343 2555 412 2635 ἔρις
439 2564 490 2619 est
514 2549 578 2626 lis,
606 2544 702 2642 puoto
723 2562 833 2618 terra.
882 2551 949 2619 Hic
973 2549 1014 2616 ad
1039 2549 1248 2616 celandsmaa

63 2635 184 2724 pednrn
227 2633 433 2711 foeditatem,
471 2634 592 2726 junctis
632 2632 742 2723 equis,
788 2659 865 2705 usus
901 2647 951 2705 est
977 2650 1100 2727 'currn,
1142 2659 1208 2726 qno

63 2733 196 2810 tegeret
216 2723 266 2789 sui
287 2722 433 2809 corporis
454 2719 691 2810 turpitudinem.

448 2900 543 2978 129.
597 2862 821 2984 Phorcus.
874 2942 878 2947 ·
955 2922 958 2929 '
1045 2930 1049 2937 ·

150 3035 303 3103 Phorcus
332 3035 489 3102 'l'hoosae
521 3035 692 3125 Nymphae
724 3047 758 3105 et
788 3036 931 3124 Neptuni
963 3038 1044 3105 filius
1075 3035 1207 3105 dicitur:

66 3137 101 3193 nt
127 3135 247 3203 antem,
267 3122 369 3188 Varro
398 3122 495 3201 dicit,
523 3144 580 3189 rex
605 3126 665 3192 t'uit
685 3123 842 3192 Corsicae
862 3137 895 3192 et
917 3124 1094 3201 Sardiniae.
1146 3125 1253 3198 Quian

17 3228 21 3235 ·
66 3233 166 3299 quum
198 3210 240 3274 ab
267 3206 392 3277 Atlante
422 3228 504 3294 rege
533 3209 634 3276 navali
663 3211 836 3277 certamine
865 3233 939 3277 cnm
972 3233 1092 3297 magna
1121 3232 1213 3275 exer-

67 3296 149 3398 citus
172 3306 266 3391 parte
287 3294 399 3361 luisset
420 3293 572 3376 obrutus,
599 3296 761 3366 finxerunt
779 3296 859 3364 socii
879 3297 947 3389 ejus
969 3318 1041 3363 eum
1063 3297 1095 3361 in
1116 3295 1213 3389 deum

66 3402 224 3449 manuum
247 3402 318 3448 esse
339 3399 537 3447 conversum.
957 3392 963 3403 ¹
1022 3390 1025 3395 '

217 3563 311 3640 150.
365 3566 485 3639 'l'res
516 3556 752 3667 Gorgones
778 3580 819 3643 et
846 3569 1063 3645 Perseus.

154 3695 304 3764 Phorcus
323 3705 392 3763 tres
414 3693 528 3761 hahuit
546 3692 645 3769 filias,
667 3692 809 3775 Stheno,
832 3695 1011 3788 Euryalen,
1032 3694 1255 3777 Medusaman

69 3804 154 3872 quae
173 3805 239 3848 nno
260 3782 496 3849 contuebantur
518 3780 630 3860 oculo,
660 3792 693 3848 et
714 3794 903 3849 contuentes
924 3787 955 3850 in
977 3782 1113 3870 lapidem
1136 3805 1214 3849 con-

70 3870 258 3942 vertebantz
300 3867 385 3934 unde
414 3881 447 3934 et
479 3869 709 3953 Gorgones
739 3867 846 3934 dictae
873 3892 895 3936 a
923 3882 1074 3935 terrore:
1108 3862 1215 3956 yopyol

70 3978 212 4043 namque
243 3955 374 4021 Graece
407 3964 520 4018 terror
554 3952 680 4019 dicitur.
742 3956 866 4021 Contra
900 3978 979 4042 quas
1016 3955 1130 4020 missus
1165 3965 1216 4020 est

10 4056 14 4095 Ι
71 4042 215 4107 Perseus
245 4062 319 4107 cum
347 4038 528 4128 crystallino
556 4038 586 4104 cl
610 4061 671 4125 pco
699 4049 733 4106 ct
761 4041 879 4129 harpe,
941 4039 1005 4105 nod
1034 4051 1084 4107 est
1110 4061 1215 4126 genus

72 4126 182 4195 falcati
211 4123 284 4209 teli;
320 4136 354 4195 et
381 4125 539 4216 adjutorio
601 4128 729 4192 'nmrac
754 4149 809 4191 eas
837 4065 1007 4195 interiecit.
1061 4126 1115 4190 Re
1140 4147 1266 4205 nerano

74 4229 141 4284 tres
172 4212 307 4281 luerunt
331 4234 461 4281 sorores
492 4211 583 4281 unius
610 4210 880 4306 pulchritudiniu3
908 4213 1007 4284 unde
1029 4212 1155 4279 iactum
1178 4208 1249 4283 est,
