2684 4606
140 180 226 268 ‘100
454 186 638 290 Mythopr.
654 133 720 262 ἸΙ.
777 188 829 264 75
848 231 891 244 ·-
911 188 977 262 77.

41 408 47 415 ·
79 361 84 376 ’
141 375 242 444 iratus
269 338 391 441 Dircen
415 370 507 443 duxit
533 394 677 441 uxorem.
728 373 790 441 Oui
817 396 914 462 quum
943 370 1082 460 suspicio
1111 365 1281 450 incidisset,-

143 461 245 529 virum
273 482 365 527 suum
395 459 522 562 Lycum
551 482 624 526 cum
651 458 789 548 Antiopa
817 461 905 547 prius
932 469 1038 525 amata
1061 455 1281 537 concubuisse,

44 552 69 609 '1
130 547 309 650 ‚imperavit
331 546 472 628 iamuhs,
494 557 531 613 ut
549 545 694 634 pellicem
716 547 852 613 vinctam
873 547 904 612 iu
926 544 1067 613 tenebris
1089 540 1281 611 clauderent.

144 634 208 701 Cur
229 654 328 720 quum
370 643 455 719 artus
477 631 628 712 instaret,
649 631 739 699 Jovis
762 632 922 699 voluntate
945 631 1067 717 vincula
1089 629 1224 719 effugit,¹
1249 636 1282 695 et
1310 700 1314 707 ,

117 718 176 784 tiu
204 730 313 785 monte
342 657 538 784 hithaerone
594 728 680 786 artus
709 720 873 804 exposuit,
906 715 1052 784 videlicet
1079 715 1220 783 Zethum
1251 720 1283 781 el
1300 720 1322 731 ’“

65 803 68 810 “
140 803 368 891 Amphionem
393 825 529 891 quorum
583 803 675 870 ethus
694 804 851 884 rusticus,
873 803 1034 890 Amphion·
1052 823 1145 881 vero,
1158 798 1242 888 lyra
1262 820 1282 865 a

140 889 304 956 Mercurio
354 889 523 969 romerita,
550 888 693 955 musicae
721 890 823 956 extitit
842 891 973 977 peritus.
1017 887 1081 961 Qui
1104 887 1216 954 matris
1236 884 1280 951 iu-

136 974 238 1064 jurias
265 976 315 1040 vin
339 975 468 1053 icaturi,
496 973 623 1064 Lycum
641 974 893 1056 'interfecerunt3
923 974 1043 1040 Dircen
1068 995 1160 1052 vero,
1190 968 1303 1037 indo-'

141 1060 219 1128 mito
248 1060 416 1150 religatam
445 1071 557 1141 tauro,
587 1060 650 1127 vita
679 1061 909 1148 privaverunt„
931 1059 983 1123 De
1011 1056 1101 1124 cu'us
1123 1056 1281 1208 sanquine

81 1157 235 1219 ,lunatos
256 1160 309 1214 est
331 1147 421 1226 sons,
442 1168 482 1213 cx
503 1145 629 1212 nomine
649 1146 748 1236 ipsius
769 1145 945 1210 Dircaeus
967 1082 1153 1232 appellatus.
1208 1140 1281 1227 dem

48 1246 65 1265 “·
140 1232 299 1322 Amphion
328 1231 470 1313 Cadmo,
501 1231 659 1320 Agenoris
683 1231 768 1311 filio,
798 1231 930 1298 Thebas
952 1229 1120 1310 condenti,
1154 1227 1291 1318 adjutor·

54 1316 58 1323 ’
141 1317 319 1398 accedeus,
342 1329 456 1385 cautus
479 1315 648 1384 dulcedine
668 1315 790 1406 lapides
813 1316 928 1381 dicitur
950 1316 1102 1397 movisse,
1133 1327 1170 1405 et
1189 1326 1228 1384 ut
1247 1337 1282 1384 se

140 1404 241 1474 muris
259 1415 374 1497 sponte
394 1405 611 1493 imponerent,
641 1403 787 1470 canendo
810 1402 933 1470 secisse.
1084 1419 1093 1432 ‘

529 1571 596 1650 75.
649 1574 897 1675 Epaphus·
978 1600 1002 1623 ’-

99 1713 134 1766 15
224 1703 373 1792 Juppiter
389 1700 562 1791 Epaphum
579 1703 611 1767 in
635 1705 784 1792 Aegypto
806 1680 930 1791 oppida
948 1698 1154 1778 communire,
1174 1697 1283 1787 ibique

140 1810 281 1878 regnare
297 1787 401 1879 jussit.
446 1785 611 1875 Oppidum
632 1787 815 1875 Memphin,
847 1799 881 1854 et
910 1787 969 1852 alia
993 1786 1084 1873 plura
1106 1785 1280 1862 constituit,
1311 1852 1315 1857 ,

139 1885 175 1941 et
196 1897 236 1943 ex
258 1874 445 1960 Cassiope‘ia
466 1894 566 1939 uxore
587 1874 728 1961 suscepit
743 1874 847 1939 liliam
877 1872 1020 1963 Libyen,
1053 1893 1138 1960 quae
1168 1881 1280 1959 postea
1320 1914 1322 1923 =

138 1959 171 2025 iu
193 1960 301 2025 Africa
323 1981 458 2044 regnum
482 1957 639 2046 possedit;
669 1959 759 2048 cujus
782 1982 821 2024 ex
844 1959 970 2024 nomine
990 1969 1077 2024 terra
1100 1956 1207 2046 Libya
1232 1965 1281 2023 est

95 2147 114 2196 ξ
140 2045 315 2198 appellqtm
357 2067 441 2133 quac
472 2044 567 2111 etiam
595 2044 690 2142 regni
714 2044 923 2112 hereditatem
953 2043 1016 2109 filio
1047 2066 1106 2110 suo
1136 2041 1279 2130 Agenori
1315 2110 1318 2115 ,

115 2148 175 2198 ore
196 2153 248 2219 qur
284 2189 290 2212 ,

379 2283 446 2359 76.
479 2260 723 2387 ἰἸιιρΡῑῒΗ
763 2300 805 2361 et
838 2266 1032 2385 Europa.
1094 2264 1099 2275 ’

223 2415 332 2491 Quum
353 2408 534 2484 Mercurius
555 2417 651 2508 jussu
672 2416 770 2504 patris
792 2416 824 2480 in
846 2415 1033 2482 Phoenicen
1054 2427 1312 2507 transgressuq„

140 2511 243 2581 esset,
271 2512 308 2568 ut
328 2514 471 2570 armenta
488 2504 569 2570 illius
591 2503 733 2592 regionis
760 2499 802 2567 ad
822 2500 895 2566 litus
918 2501 1139 2592 compelleret—3
1167 2496 1278 2599 Juppi-
1313 2520 1316 2525 ·

24 2632 28 2639 ·
141 2598 209 2670 ter,
230 2588 264 2652 in
284 2598 411 2654 taurum
434 2612 622 2669 conversus,
646 2610 744 2676 quum
765 2609 802 2652 se
821 2585 969 2674 jumentis
985 2585 1168 2675 Agenoris,
1189 2604 1276 2671 regu
1319 2662 1322 2667 ¹

97 2672 284 2761 ashibyae,
317 2672 556 2755 immiscuisset,
588 2685 622 2740 et
650 2676 683 2739 in
709 2693 820 2741 amore
846 2672 895 2738 sui
921 2675 1094 2760 spatiantes
1121 2671 1155 2736 in
1180 2684 1277 2738 arena
1315 2714 1320 2721 -

140 2758 279 2844 virgines
301 2761 476 2826 consistere
499 2760 677 2846 co'e'gisset;
699 2757 850 2847 paulatim
872 2757 1013 2846 singulas
1034 2754 1198 2833 alludens,
1220 2777 1275 2821 no·
1309 2756 1322 2825 l

140 2843 265 2910 vissime
294 2846 452 2930 Agenoris
474 2845 569 2911 filiam
589 2845 777 2932 Europam,
809 2845 841 2908 in
871 2847 969 2932 pratis
997 2842 1175 2912 secundum
1201 2863 1273 2909 cou-
1314 2832 1322 2929 l

140 2927 340 2995 suetudinem
364 2929 536 3017 puellarum
557 2931 654 2996 flores
676 2931 855 3018 legentem,
885 2930 1020 3013 vitiavit,
1050 2942 1083 2998 et
1104 2939 1202 3017 tergo
1219 2922 1274 2995 sibl
1312 2932 1322 3017 ¹l

139 3012 328 3080 insidentem
358 3017 390 3079 in
419 3016 552 3082 insulam
582 3017 712 3082 Cretam
740 3015 866 3096 detulit,
896 3029 929 3082 et
957 3041 996 3082 ex
1029 3040 1069 3082 ea
1095 3026 1161 3083 tres
1183 3011 1272 3091 filios,
1317 2998 1322 3095 l

14 3136 19 3152 ·
99 3099 298 3181 aoldinodm,
330 3099 611 3170 Rhadamanthum
641 3113 674 3169 et
701 3106 860 3183 Aeacum,
895 3104 948 3189 qui
981 3103 1057 3169 lacti
1087 3110 1161 3169 sunt
1192 3094 1274 3189 apud
1299 3136 1313 3183 ,-

139 3186 306 3289 inferiores
327 3186 474 3275 judices,
512 3188 644 3275 genuit,
678 3187 869 3279 tertiamque
897 3190 938 3253 ab
967 3210 1006 3256 ea
1034 3184 1120 3255 orbis
1151 3197 1273 3277 partem

140 3282 271 3340 vocant.
1300 3296 1315 3317 ¹·

385 3426 452 3502 77.
505 3425 690 3530 Agenor
722 3441 764 3504 et
793 3431 889 3503 filii
921 3420 1030 3531 ejus.

226 3559 376 3646 Agenor,
395 3566 487 3646 rapta
515 3556 578 3627 filia
601 3560 757 3662 Europa,
787 3560 903 3627 fratres
924 3560 992 3651 ejus
1013 3560 1166 3642 Cihcem,
1189 3554 1273 3631 (ltd-

100 3665 229 3721 1511111111
250 3658 284 3712 et
304 3643 519 3725 Phoenicem,
547 3643 589 3711 ad
612 3643 836 3735 requirendam
855 3668 999 3713 sororem
1020 3648 1122 3729 misit;
1156 3646 1203 3714 itu
1230 3654 1274 3725 ut,

108 3757 113 3765 ·
143 3730 202 3797 uisi
223 3753 294 3797 eam
314 3731 524 3818 reperissent,
545 3728 588 3796 ad
609 3755 646 3799 se
666 3755 730 3798 uon
752 3732 995 3800 reverterentur.
1033 3732 1116 3801 Cilix
1136 3732 1275 3799 divense

142 3816 234 3969 petiit
268 3816 436 3902 regiones3
470 3816 638 3884 novissime
675 3818 815 3907 comtitit
845 3819 878 3885 lu
908 3819 1037 3899 Cilicia3
1076 3841 1138 3885 uec
1173 3818 1272 3887 miuus
1301 3808 1306 3855 ¹

174 3902 288 3989 hoenix
309 3903 341 3966 in
361 3901 536 3968 Phoenice.
578 3903 739 3986 Cadmus,
767 3927 829 3969 uon
856 3905 982 3973 inventa
1002 3927 1132 3986 sorore,
1161 3900 1282 3993 sputu.

143 3989 192 4056 nis
217 3985 380 4053 oraculum
413 3988 647 4070 sciscitabatur,
682 3990 720 4053 io
749 3989 874 4077 paribus
900 3989 1062 4079 partibus
1089 3991 1302 4056 consistere·

104 4071 290 4157 secluderet.
332 4075 476 4161 Accepto
498 4074 598 4161 igitur
618 4096 782 4162 responso,
804 4087 844 4140 ut
865 4099 1023 4151 vaccam,
1045 4101 1069 4140 a
1086 4096 1199 4164 grege
1220 4094 1275 4143 ec·

143 4167 351 4255 gregatom,
371 4183 460 4246 qrcoe
480 4158 586 4223 lutrae
607 4160 750 4248 siguum
770 4159 807 4223 iu
828 4159 938 4225 lutere
959 4160 1112 4240 liaberet,
1134 4166 1276 4247 agente

146 4255 181 4312 et
207 4242 267 4312 uti
285 4241 387 4331 jessa
417 4241 673 4332 procubuisset,
703 4243 753 4311 ibi
791 4242 907 4312 urbem
939 4256 1129 4328 statuerem
1160 4248 1275 4335 pereuc'
