2684 4606
822 80 826 99 t
865 39 876 79 i
1182 70 1186 81 ·
1293 84 1297 97 .

42 248 50 260 .
155 167 240 265 232
309 258 312 265 .
361 245 364 263 .
433 186 630 291 Mythogn.
655 187 727 263 111.
783 183 849 263 ld.
903 142 1053 261 4-3.
1099 120 1103 131 Ι
1284 40 1309 415 ¹

74 368 80 377 '
157 372 335 441 universam
357 371 468 440 mundi
488 384 634 440 naturam
658 373 752 441 celeri
782 371 1163 461 cogitatione-pervolet
1216 375 1287 445 lde
1302 420 1309 445 ·.

155 460 324 525 Musarum
359 462 482 526 tontem
511 459 642 548 ungula,
672 461 797 548 rupisse
832 459 983 560 lingitur,
1039 460 1109 530 uod
1141 454 1307 551 sapientie-⁸

157 546 281 632 potitis,
314 544 465 631 quicquid
493 547 740 635 proloquuntur,
772 543 980 611 administret
1015 483 1116 613 qldeo
1144 546 1189 615 de
1207 550 1299 635 flers¹

158 631 252 716 gonis
275 630 432 715 sanguine
455 643 566 712 natus,
587 654 671 720 quae
701 641 815 696 terror
840 630 1085 717 interpretatur,
1126 632 1219 723 quod
1236 634 1295 701 ini.

80 768 83 779 .
129 717 236 801 prtum
255 716 430 803 sapientiae
450 716 500 787 sit.
544 717 642 792 Quod
663 728 770 784 autem
798 714 892 782 timor
910 715 1051 799 initium,
1083 727 1126 785 ut
1145 720 1291 801 diximm.

155 802 197 867 sit
217 801 410 889 sapientiae,
451 826 472 868 a
493 802 686 892 philosophis
707 802 790 869 haec
821 801 903 868 ratio
936 800 1049 883 (latur,
1086 805 1179 892 quod
1202 817 1236 874 et
1252 806 1285 873 ti·

152 886 246 953 more
267 886 417 979 magistri
433 887 593 990 discipulis
616 888 770 976 sapientia
792 887 975 966 crescitet
989 886 1078 976 qnod
1092 891 1149 978 qni
1173 890 1283 963 saman

154 971 311 1053 timuerit,
331 972 457 1060 sapiens
479 987 548 1042 eut.
590 973 636 1040 Et
656 974 785 1050 merito,
807 972 969 1060 inquiunt,
1001 972 1045 1053 ‹le
1068 977 1185 1043 occisa
1206 978 1284 1043 Gor·

154 1077 243 1142 gone
264 1058 412 1146 Pegasus
434 1061 551 1139 oritur,
615 1059 681 1124 uod
709 1059 798 1126 finito
820 1069 853 1124 et
874 1056 1034 1125 annullato
1065 1060 1188 1128 timore
1216 1062 1309 1145 lnsl7·

51 1144 54 1151 '
112 1158 148 1209 lu
156 1143 313 1228 pientiae,
346 1146 504 1213 subintrat
523 1083 641 1212 deinhe
671 1146 704 1212 in
733 1142 906 1232 quemlibet
934 1166 970 1210 sa
994 1144 1103 1213 i'entia.
1147 1147 1309 1217 Stultitia-¹

152 1228 236 1299 enim
268 1253 395 1332 semper
431 1229 542 1299 timida
579 1239 639 1300 est
703 1228 800 1296 Unde
834 1240 869 1295 et
901 1228 935 1295 in
967 1166 1111 1299 llaladis
1155 1247 1301 1325 pectore¹

152 1315 311 1403 Gorgon,
339 1314 373 1381 ad
405 1327 457 1386 est
483 1317 628 1382 terroris
650 1316 787 1403 imago,
815 1315 879 1382 lixa
899 1324 966 1396 est,
997 1325 1037 1383 ut
1062 1314 1302 1407 insipientibus·

151 1422 278 1488 semper
298 1411 454 1470 terrorem
471 1403 619 1473 incutere
637 1398 791 1468 rideatur.
1297 1438 1301 1445 ,

235 1488 267 1554 4.
310 1488 433 1576 Pegasi
453 1511 518 1576 ope
541 1487 754 1576 Bellerophon
781 1486 941 1554 interfecit
961 1485 1183 1557 Chimaeram.
1224 1489 1280 1557 Est
1307 1546 1309 1563 ,

109 1583 257 1638 stantem
279 1573 361 1639 haec
382 1574 500 1641 sabula.
552 1573 691 1642 Proetus
720 1595 853 1640 uxorem
884 1572 997 1640 habuit
1016 1573 1166 1658 Antiam,
1204 1598 1278 1663 quas

107 1659 111 1667 ’
148 1650 266 1725 amavit
284 1659 582 1750 Bellerophontem,
604 1659 806 1748 quem,¹quia
827 1681 907 1725 suae
928 1681 992 1724 non
1012 1661 1153 1727 assensit
1172 1662 1277 1750 neqni-

60 1809 63 1814 ,
148 1744 232 1824 tiae,
262 1744 349 1845 apud
380 1746 528 1814 maritum
549 1768 643 1813 suum
664 1744 833 1812 accusavit
887 1743 946 1810 Ille
968 1766 1043 1810 eum
1064 1743 1109 1810 ad
1131 1747 1299 1815 Chimae.

146 1850 215 1893 ram
235 1828 488 1897 interficiendam
513 1831 619 1907 misit,
654 1853 749 1919 quam
781 1828 994 1917 Bellerophon
1029 1851 1116 1916 equo
1149 1832 1274 1920 Pegaso

86 1984 88 1990 k
99 1931 123 2065 p
147 1913 290 1980 residens
312 1915 479 1983 interemit
520 1914 660 1982 Proetus
681 1917 780 2003 igitur
791 1914 957 2003 Pamphila
978 1914 1088 2000 lingua
1108 1918 1285 1999 sordidos,

25 2000 34 2035 'v
96 2072 100 2081 Ι
124 2000 242 2065 oAntia
262 2002 481 2078 coqtrarium
501 2000 747 2088 interpretatur,
778 2018 861 2087 quae
882 2022 942 2086 pro
963 1999 1093 2066 libidine
1115 2004 1272 2092 accipitur,
1298 2028 1301 2033 ·

6 2124 9 2133 ι
36 2130 39 2135 s
93 2084 99 2122 ¹
171 2083 234 2149 uod
256 2083 330 2149 nihil
351 2083 434 2151 adeo
455 2086 561 2153 virtuti
582 2086 850 2174 quemadmodum
879 2084 976 2152 libido
1005 2087 1206 2155 contrarium
1224 2098 1289 2154 est'

145 2109 244 2236 llano
261 2170 401 2238 Proetus
422 2172 520 2238 habet
541 2172 720 2263 conjugem.
763 2172 828 2239 Cui
849 2173 932 2238 enim
960 2170 1076 2252 libido,
1114 2173 1177 2241 nisi
1211 2180 1295 2240 sor-'

146 2253 248 2335 dido,
280 2245 573 2343 possit'adhiberi?
616 2257 830 2346 Bellerophon
860 2278 935 2322 vero
967 2257 1169 2342 sapientiae
1202 2282 1270 2324 con·

48 2349 58 2363 ·’
145 2340 299 2406 saltator
319 2342 401 2408 inter
424 2353 555 2412 retatur.
608 2343 674 2410 Hic
694 2345 807 2411 Antiae
825 2364 890 2409 non
920 2342 1099 2423 consentit,
1130 2343 1207 2431 quie
1225 2343 1295 2432 qui·

102 2425 177 2490 asin
208 2427 380 2513 sapientiae
401 2365 535 2496 iaborat
566 2430 795 2517 vestigatione,
837 2424 998 2495 libidinem
1030 2448 1164 2495 omnem
1193 2450 1279 2497 ase.

142 2510 252 2578 nititur
272 2511 435 2601 elongare.
476 2513 527 2582 nd
546 2515 757 2603 Chimaeram
770 2515 879 2602 itaque
905 2511 1116 2580 occidendam
1135 2514 1269 2585 mittitur.

142 2598 315 2664 Chimaera
355 2622 493 2689 namque
523 2601 655 2666 amoris
686 2601 881 2691 fluctuatio
918 2599 1161 2686 interpretatur.
1213 2599 1278 2675 Qut·

83 2753 86 2761 ,
121 2682 240 2767 'igitur
276 2684 394 2752 libidini
419 2686 595 2766 renuntiat,
631 2689 742 2754 contra
774 2706 916 2751 amorem
947 2706 1092 2772 pugnarn
1121 2686 1269 2776 suscipiat

142 2790 277 2836 necesse
298 2781 364 2854 est,
398 2794 495 2861 quem
529 2793 614 2860 equo
634 2771 789 2860 Pegaso,
822 2770 857 2836 id
885 2781 935 2838 est
955 2769 1111 2857 sapientia
1135 2773 1267 2864 adjutus,

18 2896 23 2905 ,
98 2864 135 2914 ao
143 2854 256 2922 virtute
281 2855 445 2944 praeditus
468 2855 561 2923 facile
578 2856 682 2924 vincit.
730 2855 918 2922 Notandum
945 2878 1040 2934 vero,
1076 2857 1169 2945 quod
1189 2857 1267 2925 idern

140 2939 291 3026 Pegasus
317 2943 412 3010 etiam
442 2964 545 3029 equus
573 2939 849 3029 Neptunidictus
880 2952 929 3009 est
960 2965 980 3007 a
1010 2943 1164 3024 Graeco,
1198 2943 1291 3032 qnia,

140 3023 234 3113 πηγὴ
262 3039 311 3093 est
330 3024 426 3114 fons.
477 3029 540 3096 Bst
582 3041 688 3094 antem
723 3049 892 3094 commune
921 3027 1070 3093 omnium
1104 3029 1265 3097 fluminum

140 3133 274 3187 nomen,
310 3112 397 3200 quod
416 3113 547 3181 {lumina
565 3116 703 3201 liguram
725 3113 835 3183 caballi
857 3113 979 3179 habent
998 3124 1133 3201 propter
1157 3136 1264 3183 cursus
1289 3188 1292 3193 ,

141 3197 348 3264 velocitatem.
390 3201 438 3265 Ab
463 3197 576 3266 eodem
600 3200 694 3266 etiam
716 3227 766 3285 πη
787 3195 811 3287 a}
833 3219 969 3286 pagum
999 3198 1177 3280 dixerunt,'
1195 3201 1265 3290 quin

96 3283 229 3350 ansillae
262 3284 385 3351 nonnisi
424 3282 512 3352 eirca
552 3308 651 3373 aquas
692 3224 816 3351 sumhiri
852 3284 1090 3366 consueverint;
1121 3284 1211 3353 unde
1234 3272 1288 3353 etl

141 3369 261 3459 pagani
295 3368 398 3436 vocati
418 3382 509 3452 sunt,
543 3373 634 3460 quasi
655 3394 696 3437 ex
718 3395 782 3437 uno
802 3371 892 3436 fonte
914 3380 1071 3455 potantes.

223 3458 254 3521 5.
297 3456 382 3532 Quia
402 3477 478 3522 vero
502 3454 544 3524 de
564 3457 735 3533 Chimaera
754 3457 877 3524 mentio
892 3454 1013 3536 incidit,
1034 3455 1076 3521 de
1092 3477 1134 3522 ea
1153 3451 1263 3544 aliquid
1289 3478 1294 3491 ·

138 3539 291 3610 dicamus.
333 3541 503 3610 Triformis'
517 3543 668 3632 pingitur,
691 3545 811 3611 habens
826 3539 973 3611 videlicet
988 3541 1262 3644 caputleoninnm,

138 3640 281 3694 ventrem
316 3628 496 3716 caprinum,
533 3627 668 3695 caudam
706 3627 938 3717 serpentinam;
984 3650 1060 3713 qma
1092 3626 1125 3695 in
1159 3648 1263 3695 amore

96 3716 205 3779 latres
225 3715 302 3779 item
322 3714 445 3802 gradus
464 3727 554 3792 sunt,
592 3713 625 3780 id
653 3725 702 3780 est
726 3716 819 3804 juxta
847 3713 1072 3798 Fulgentium,
1114 3713 1261 3803 incipere,
1288 3758 1291 3765 ·

138 3799 311 3885 perlicere,
349 3802 448 3867 linire.
497 3802 624 3867 Primus
659 3800 743 3865 enim
777 3820 866 3865 amor
900 3798 933 3863 in
962 3799 1180 3866 adolescentie
1207 3820 1262 3865 nos

137 3885 289 3950 lerociter
320 3885 439 3955 invadit
473 3898 509 3955 ut
528 3887 589 3953 leo.
631 3885 759 3952 Deinde
779 3884 980 3970 subsequitur
1000 3882 1137 3951 libidinis
1157 3906 1198 3951 ex
1221 3883 1271 3963 le„

136 3970 198 4049 tio,
216 3992 300 4057 quae
318 3995 375 4060 per
397 3995 527 4061 capram
546 3972 750 4058 designatur,
771 3970 846 4058 quia
865 3970 930 4036 hoo
949 3968 1064 4037 animal
1084 3970 1117 4036 in
1137 3908 1261 4037 libitline

137 4057 405 4143 promptissimum
442 4059 492 4125 sit.
544 4058 640 4126 Unde
666 4068 699 4124 et
726 4056 834 4147 Satyri
862 4077 935 4123 cum
959 4053 1094 4145 caprinis
1113 4057 1259 4123 cornibus

94 4142 332 4229 repinguntur,
364 4144 438 4232 quia
459 4166 631 4231 numquam
651 4143 830 4210 libidinibus
853 4153 1042 4209 saturantur.
1085 4141 1125 4209 In
1141 4152 1259 4230 postre-

122 4228 189 4296 mis
205 4229 358 4319 partibus
382 4229 564 4303 draconino
583 4241 651 4315 est,
679 4231 757 4321 quia
783 4237 861 4319 post
886 4229 1104 4316 peractionem
1134 4229 1259 4298 aculeus

1292 1528 1295 1537 ι

1294 1744 1300 1755 ι
