2684 4606
151 154 229 227 108
437 152 620 255 lllythoqr.
657 154 709 225 ll.
766 146 820 224 99
840 196 890 267 f—
909 150 999 227 101.

149 337 314 417 attulerat,
345 337 443 406 luisse
467 348 561 407 suurn
582 349 777 422 monstrare,
806 338 1041 429 Triptolemum
1064 334 1186 439 insidiis
1206 337 1287 487 peri

150 446 240 500 merc
268 435 402 491 conatus
431 437 489 493 est.
532 430 574 493 At
599 426 670 504 ille,
702 425 843 513 periculo
867 426 1017 514 cognito,
1045 433 1158 508 stricto
1180 420 1287 511 gadra

122 594 125 598 Ι
148 511 274 599 Lycum
297 512 442 600 persequi
464 513 578 601 coepit
613 511 734 600 Lycus,
755 513 789 576 in
812 511 911 579 feram
935 512 985 578 sui
1005 509 1143 577 nominis
1170 529 1297 592 versus,

148 618 273 663 unorum
292 618 422 664 suorum
445 598 553 664 colore
574 595 740 665 distinctus
764 607 823 665 est
1046 674 1051 707 ,

122 797 141 847 ὕ
440 764 442 771 ,
483 778 552 859 99.
608 748 819 889 Ceplreus
856 754 948 860 111.

134 908 160 999 ’;
229 914 408 1004 Rostquam
429 914 646 1005 Triptolemus
672 916 805 987 domum
824 911 936 992 rediit,
958 908 1113 998 Cepheus
1135 929 1193 977 rex
1217 930 1287 977 enm

146 1008 312 1100 1111011111
342 1001 485 1069 aemulus
509 1003 691 1073 interlicere
719 1010 854 1068 mustus
884 1009 959 1064 est·
986 995 1056 1061 Sed
1084 1017 1123 1061 re
1146 996 1287 1097 cognita,

142 1107 235 1172 passu
263 1087 394 1167 Cereris
423 1088 623 1176 Triptolemo
645 1108 785 1176 reguum
815 1082 974 1162 tradidit,
994 1080 1104 1170 ibique
1135 1103 1180 1170 op
1203 1078 1288 1173 rdpm

148 1171 333 1252 constituit,
357 1172 445 1261 quod
474 1197 514 1240 ex
529 1175 630 1263 patris
657 1175 706 1241 sui
729 1170 856 1243 nomine
879 1165 1064 1272 appellqrit,
1096 1166 1153 1255 qui
1174 1105 1288 1265 gereni
1312 1212 1315 1217 -

106 1274 237 1324 lusacra
261 1259 381 1347 primus
403 1259 556 1342 instituit,
586 1283 671 1350 quae
693 1260 822 1325 Graece
842 1265 1060 1343 θεσμοφορια
1081 1251 1288 1340 appellantur.

37 1452 42 1461 '
87 1444 128 1556 ¹*
186 1502 241 1553 s
341 1445 435 1523 100.
490 1449 708 1543 Iuventio
745 1445 1076 1542 Proserpinae.

150 1618 166 1633 .-
229 1575 333 1642 Ceres
356 1598 453 1665 quum
476 1575 721 1664 Proserpinam,
744 1592 764 1639 s
784 1571 924 1639 Plutone
945 1582 1090 1660 raptam,
1111 1569 1167 1637 diu
1188 1594 1288 1663 quae

145 1658 257 1741 sisset,
289 1661 420 1728 tandem
448 1661 617 1749 aliquando
634 1674 719 1727 'eam
752 1680 823 1724 esse
852 1654 939 1745 apud
968 1656 1090 1726 inferus
1119 1660 1287 1747 comperit.

145 1744 212 1811 Pru
233 1767 298 1834 qua
320 1769 356 1813 re
377 1770 475 1835 quum
491 1747 583 1813 lovis
610 1747 811 1835 implorasset
838 1742 1004 1823 auxilium,
1034 1742 1087 1810 ille
1109 1743 1288 1834 respoudit,

105 1850 220 1904 111111
240 1854 336 1919 posse
355 1834 488 1910 reverti,
510 1834 536 1898 si
558 1832 633 1896 nihil
654 1830 741 1921 apud
761 1830 880 1895 inferos
902 1839 1074 1915 gustasset.
1106 1828 1164 1896 Illa
1177 1842 1287 1899 antem

140 1915 208 2005 jam
237 1918 344 2004 punici
373 1918 444 1985 mali
474 1917 510 1983 in·
538 1917 649 2006 Elysio
683 1916 787 2004 grana
821 1925 1017 2002 gustaverat
1073 1914 1182 1990 Quam
1216 1939 1287 1984 reru

142 2002 355 2091 Ascalaphus,
378 2003 490 2092 Stygis
510 2002 609 2082 filius,
635 2003 782 2092 prodidit.
827 1999 923 2067 Unde
945 2000 1142 2088 Proserpina
1167 1999 1211 2067 ad
1233 2026 1286 2070 su-

142 2106 240 2237 peros
269 2110 415 2154 remeare
443 2111 509 2155 non
535 2089 649 2176 putuit
691 2088 863 2174 Indignata
884 2087 988 2153 Ocres
1009 2085 1165 2153 convertit
1186 2089 1285 2191 Asca-

101 2173 275 2338 11111ῗῖ
301 2197 343 2326 t
362 2178 568 2327 little
582 2175 862 2328 811211θί11
877 2172 1287 2348 qqqpqtgpspqup

108 2430 111 2435 ι
143 2366 217 2410 cum
237 2345 359 2413 marito.
404 2348 479 2422 Quo
522 2346 597 2413 ideo
622 2348 772 2434 lingitur,
807 2345 882 2433 quia
910 2343 1107 2431 Proserpina
1137 2343 1209 2431 ipsu
1236 2354 1285 2413 est
1319 2380 1323 2387 ·

107 2454 112 2463 ·
165 2451 226 2497 nne
247 2443 281 2498 et
300 2431 391 2513 luna,
424 2456 508 2522 quae
536 2446 708 2509 torcanuo
740 2432 785 2497 VI
808 2429 969 2496 mensibus
992 2429 1128 2511 crescit,
1160 2430 1206 2497 VI
1228 2429 1293 2497 de-.

54 2520 57 2527 “
141 2453 226 2598 doit,
254 2516 375 2609 scilieet
394 2540 453 2606 per
473 2518 615 2673 sinqulos
638 2524 764 2586 menses
784 2513 952 2605 quindenis
967 2508 1106 2596 'diebus3
1136 2525 1175 2583 ut
1195 2539 1283 2585 cres·
1319 2518 1323 2527 '

39 2612 41 2621 '
142 2624 220 2671 nens
241 2602 327 2693 apud
348 2626 498 2694 superos,
544 2600 781 2692 efioieus'apud
802 2600 923 2669 inferos
946 2599 1101 2695 videatur·
1151 2606 1155 2615 '

97 2818 134 2869 as
508 2792 599 2868 101.
659 2792 908 2868 Sirenes.
998 2856 1001 2865 .

104 2994 109 3003 ,
159 2930 163 2935 ’
227 2918 374 3000 Sirenes,
404 2920 621 3010 Melpomenes
648 2919 761 2989 Musae
793 2931 825 2988 et
855 2918 988 2987 Acheloi
1019 2916 1159 2985 fluminis
1187 2916 1280 2999 filiae,

139 3025 238 3093 quum
254 3006 497 3109 Proserpinam,
534 3004 711 3072 aPlutone
732 3018 874 3097 raptam,
904 3007 1118 3095 inquirerent,
1153 3015 1188 3072 et
1209 3026 1280 3071 eam

138 3090 267 3156 minime
287 3091 496 3173 invenissent,
528 3115 546 3156 a
568 3090 626 3156 diis
649 3093 817 3160 novissime
845 3094 1075 3181 impetrarunt,
1110 3100 1148 3157 ut
1168 3112 1285 3157 versae

138 3175 355 3257 involucres,
385 3199 448 3243 111
471 3189 592 3245 tantum
614 3179 645 3242 in
668 3180 782 3260 terris,
811 3178 869 3246 sed
902 3179 995 3246 etiam
1018 3174 1050 3242 iu
1072 3175 1153 3242 mari
1175 3174 1280 3265 roqui-

96 3260 231 3332 aositam
273 3264 426 3353 consequi
460 3275 600 3351 possent.
655 3264 730 3340 Quo
771 3287 943 3346 concesso,
985 3262 1040 3328 diu
1076 3274 1279 3349 quaerentes,

138 3347 306 3415 novissime
328 3346 370 3414 ad
393 3359 515 3438 petram
536 3347 657 3431 Martis,
679 3374 763 3439 quae
783 3351 925 3441 proxime
945 3349 1129 3416 imminebat
1150 3348 1279 3436 pelago,

141 3431 354 3512 devenerunt,
402 3435 509 3524 ibique
549 3433 714 3502 habitare
738 3446 924 3526 coeperunt.
982 3434 1044 3501 His
1088 3454 1278 3500 concessum
1313 3476 1321 3499 .-

65 3592 70 3605 ,
138 3540 268 3609 quoque
289 3520 366 3600 luit,
388 3532 423 3588 ut
444 3519 565 3587 tamdiu
587 3536 753 3592 manerent
773 3522 965 3603 incolumes,
993 3518 1145 3609 quamdiu
1167 3540 1279 3585 earum

140 3628 200 3670 vox
222 3604 393 3672 audiretur.
436 3607 583 3674 Fuerunt
605 3620 710 3677 autem
748 3621 817 3676 arte
837 3608 993 3686 volucres,
1015 3617 1105 3694 parte
1126 3603 1278 3691 virgines,
1309 3676 1321 3693 Ι,

97 3688 241 3780 aspedes
273 3691 468 3778 gallinaceos
490 3692 654 3760 habentes.
692 3748 699 3764 ,
743 3717 834 3760 arum
862 3716 926 3760 una
957 3714 1057 3769 voce,
1093 3689 1155 3757 alia
1183 3689 1279 3773 tibiis,
1313 3758 1320 3787 Ι

140 3777 235 3844 tertia
255 3774 325 3866 lyra
355 3780 499 3846 canebat.
557 3781 701 3855 Quarum
732 3781 877 3847 cantibus
907 3777 1003 3845 illecti
1033 3788 1151 3844 nautae
1178 3797 1279 3863 quum
1314 3812 1322 3837 ,ι

140 3860 185 3927 ad
213 3884 291 3929 saxa
323 3865 537 3941 accederent,
576 3867 608 3930 in
645 3866 761 3953 quibus
799 3865 870 3931 illae
898 3863 1075 3930 residentes
1105 3865 1279 3941 canebant,
1315 3860 1325 3911 '-

139 3946 225 4014 illisis
246 3949 279 4013 in
296 3952 435 4037 scopulis
457 3954 597 4031 navibus,
621 3950 653 4016 in
676 3950 845 4038 naufragia
866 3948 1082 4029 ducebantur,
1104 3959 1138 4016 et
1158 3946 1279 4015 abillis
1316 3972 1326 4023 :r

140 4031 401 4101 comedebantur.
443 4039 515 4104 Has
536 4037 649 4104 Ulixes
668 4034 902 4104 mntemneudo
918 4033 1050 4101 deduxit
1071 4031 1115 4098 ad
1130 4043 1278 4101 mortem.
1303 4070 1326 4119 :22

99 4117 225 4194 auNam
248 4141 345 4209 quum
367 4121 433 4190 illas
460 4121 771 4211 praeternavigaret,
801 4122 941 4188 omnium
962 4120 1123 4185 sociorum
1144 4126 1279 4187 suorum
1312 4116 1326 4213 ⁴}

142 4227 258 4287 aures,
281 4228 322 4273 ne
343 4229 397 4274 eas
419 4209 583 4292 audirent,
606 4231 682 4277 cere
702 4211 870 4288 obturans,
892 4226 929 4274 11
947 4204 1043 4294 jussit
1064 4203 1108 4273 ad
1128 4204 1281 4273 arborem
1313 4216 1326 4307 ’ᾗ
