2692 4606
51 191 56 197 ·
113 182 238 270 x'sss
440 184 624 288 nynagr.
651 181 704 256 11.
759 118 1018 257 rra-rra.

246 344 251 357 ,
542 366 634 444 115.
688 338 914 447 Μὶηετν1.
987 323 992 331 Ι

191 450 205 475 l
242 457 385 567 Minerva
416 495 585 585 obquando
616 498 698 566 tibiis
731 497 764 563 in
794 495 954 565 consortio
989 491 1123 578 deorum
1154 496 1299 594 capereto,

162 582 223 663 dit,
240 585 402 651 intuentes
419 585 553 650 buccam
576 582 643 673 ejus
662 586 797 673 turpiter
814 586 968 663 inflatam,
980 588 1168 670 coeperunt
1184 574 1299 643 ridere.
1340 606 1342 615 ·

156 669 233 750 llla,
261 668 337 757 quid
367 668 526 749 riderent,
552 668 725 757 ignorans,
759 668 801 737 ad
829 668 1009 738 'Pritoniam
1034 663 1184 755 paludem
1206 662 1300 738 veuit.

133 756 268 844 tibique
306 754 460 821 labiorum
501 777 632 823 suorum
674 770 841 843 turgorem
876 755 1005 832 intuita,
1047 751 1142 819 tibias
1175 748 1299 839 abiecit.

158 841 251 915 Quas
283 841 412 929 Marsya
442 842 625 929 inveniens,
658 842 715 910 illis
743 840 862 909 utendo
897 843 930 906 in
961 849 1083 906 tantum
1113 837 1221 902 sactus
1254 842 1301 901 est

158 927 299 1016 peritus,
338 939 373 993 ut
407 927 553 1014 Apollini,
571 951 607 994 se
638 941 849 1018 compararet.
899 927 984 994 Cum
1022 946 1085 1011 quo
1115 944 1216 1011 quum
1247 918 1299 985 diu

158 1013 269 1100 Apollo
301 1013 527 1093 contenderet,
556 1010 598 1080 'et
631 1036 705 1081 eum
737 1033 891 1104 superare
919 1033 982 1076 non
1011 1019 1137 1111 posset,
1175 1006 1301 1074 invertit

160 1099 333 1177 citharam,
360 1111 392 1164 et
413 1120 531 1165 canere
553 1101 668 1187 coepit
711 1099 848 1166 Inversis
871 1110 977 1165 autem
1001 1096 1102 1173 abiis,
1136 1114 1238 1182 quum
1266 1112 1300 1159 se

118 1184 293 1275 touarsya
323 1183 453 1271 Apollini
486 1185 698 1272 aequiparare
717 1208 758 1251 ne
781 1187 881 1267 uiret,
913 1180 1024 1272 Apollo
1044 1203 1118 1248 eum
1140 1178 1186 1247 ad
1207 1178 1299 1245 arbe

81 1339 84 1346 ,
114 1313 120 1321 -
158 1256 229 1337 reni
249 1269 411 1358 religavit,
443 1281 476 1338 et
505 1270 602 1356 virg-is
629 1209 800 1339 caedendo
825 1269 867 1337 ad
888 1269 1047 1336 interitum
1067 1288 1171 1355 usque
1195 1262 1299 1353 co'epit

157 1355 281 1444 punire.
324 1357 376 1422 De
398 1356 489 1444 cujus
511 1357 669 1444 sanguine
691 1359 762 1426 fons
783 1372 873 1426 ortos
895 1366 961 1435 est,
992 1352 1062 1442 eius
1090 1362 1224 1420 ornatus
1245 1372 1300 1417 no-

157 1441 252 1544 mine.
294 1415 396 1532 Cujus
415 1441 619 1531 turpitudinis
643 1443 813 1522 memoria,
836 1441 966 1531 Marsya
986 1435 1092 1509 cauda
1114 1436 1299 1530 depingitur

35 1592 39 1599 .
157 1549 300 1617 perorna.
427 1614 431 1619 ,

114 1731 153 1787 aa
216 1697 309 1776 116.
357 1688 617 1778 Ἐεηῐίἰειια
653 1700 901 1804 Apollinis
932 1715 978 1779 et
1008 1699 1234 1800 Marsyae.
1270 1656 1275 1673 ¹

207 1890 213 1899 .
243 1828 332 1897 Huic
357 1829 566 1899 decertationi
594 1854 693 1919 quum
717 1829 824 1910 Mida,
852 1854 909 1898 rex
929 1828 1073 1921 Lydiae,
1087 1824 1190 1918 judex
1210 1820 1300 1893 adbi-

160 1913 247 1983 bitue
265 1916 470 1996 interfuisset,
492 1917 601 1983 audita
620 1939 731 1983 eorum
749 1917 914 1997 cantilena,
935 1916 1119 2006 praeposuit
1129 1912 1218 1979 Mars
1242 1932 1300 1995 am.

156 1998 264 2070 Iratus
286 2002 396 2091 Apollo
419 2004 487 2094 ejus
509 2002 671 2071 stultitiam
693 2004 823 2071 auribus
845 2003 1005 2070 damnarit
1028 1998 1166 2066 asininis.
1242 2018 1299 2064 uas

159 2089 300 2155 omnium
328 2090 493 2177 aspectui,
518 2111 640 2154 corona
666 2112 794 2178 semper
822 2089 918 2179 capiti
944 2110 1003 2154 suo
1028 2084 1196 2174 imposita,
1223 2082 1300 2151 snb-

112 2173 306 2253 2etrahens,
330 2173 405 2240 dum
429 2198 448 2240 a
470 2197 529 2241 suo
550 2175 664 2241 liberto
687 2179 877 2256 tonsus.,1ab
900 2198 939 2240 eo
959 2182 1116 2239 metueret
1131 2168 1301 2248 diffamari,

158 2260 189 2325 ei
211 2282 362 2325 eoronam
385 2261 552 2349 imposuit,
578 2263 781 2349 promittens,
802 2272 838 2330 ut
858 2260 885 2327 si
906 2259 1049 2327 dedecus
1063 2279 1154 2324 suum
1168 2254 1301 2335 celaret,

156 2347 251 2433 regui
282 2347 330 2413 sui
360 2356 433 2411 eum
460 2347 647 2436 participem
678 2347 810 2414 laceret
854 2347 918 2422 Qui
949 2366 1046 2432 quum
1073 2344 1138 2409 risa
1157 2341 1245 2408 intra
1264 2360 1300 2408 se

158 2432 323 2499 continere
344 2454 407 2497 non
429 2445 555 2520 posset,
576 2435 725 2501 scrobem
747 2434 839 2512 lecit,
869 2444 902 2500 et
928 2432 1049 2499 Midam
1069 2446 1300 2516 regemauret

159 2517 282 2584 babere
315 2518 451 2584 asininas
489 2531 596 2586 terroe
638 2518 796 2586 narrando
831 2517 1009 2586 inculcavit.
1066 2511 1235 2602 Siquidem'
1267 2510 1300 2579 la

115 2603 275 2673 academ
298 2606 414 2671 scrobe
436 2615 508 2672 orta
529 2627 650 2687 canna,
678 2628 775 2693 quum
797 2617 941 2693 pastores
964 2627 1003 2671 ex
1023 2622 1064 2666 ea
1085 2598 1225 2666 fistulam
1243 2596 1307 2686 atti,

159 2690 321 2771 iacerent,
367 2690 456 2778 quod
491 2701 599 2760 terrae
638 2715 658 2758 a
693 2704 825 2758 tonsore
851 2691 938 2777 regis
966 2688 1157 2769 inculcatum
1187 2685 1300 2765 luerat,

158 2777 284 2859 fistula,
311 2777 493 2867 pastoribus
515 2775 632 2866 aliquid
654 2789 785 2845 cantare
805 2775 1002 2859 volentibus,
1035 2770 1248 2863 exprimebat.

530 2971 622 3048 117.
675 2974 799 3052 Mida
836 3001 928 3049 rex.

246 3098 338 3170 blida
364 3123 421 3171 rex
448 3103 491 3170 ab
513 3102 658 3192 Apolline
687 3104 795 3191 petiit,
822 3115 859 3171 ut
879 3103 1002 3183 omnia,
1034 3123 1120 3192 quae
1139 3110 1302 3191 tangeret,

119 3202 277 3255 scaurum
309 3190 433 3258 fierent
490 3189 564 3266 Quo
596 3209 769 3272 concesso,
802 3191 865 3258 voti
895 3191 944 3257 sui
966 3190 1085 3259 effectu
1107 3189 1217 3278 coepit
1239 3200 1303 3259 101.-

161 3275 271 3363 queri,
301 3275 375 3364 quia
397 3276 503 3343 eibum
525 3287 662 3364 tangere
684 3299 746 3343 non
768 3277 886 3361 potuit,
915 3275 990 3364 quin
1011 3276 1043 3342 in
1064 3285 1178 3342 aurum
1197 3275 1303 3344 statim

160 3371 348 3428 verteretur.
410 3363 594 3429 Conversus
632 3360 675 3428 ad
704 3385 837 3452 preces,
870 3369 1059 3452 responsum
1087 3362 1129 3427 ab
1161 3360 1303 3450 Apolline

162 3448 306 3536 accepit,
327 3457 369 3512 ut
391 3448 423 3511 ai
442 3459 495 3511 ter
511 3447 549 3511 in
568 3447 755 3513 Pactolum
766 3447 925 3536 fluvium
941 3449 1057 3536 cupite
1072 3456 1303 3535 mergeretur,

162 3554 276 3619 poeno
297 3555 378 3599 mox
392 3532 611 3619 privaretur.
653 3534 728 3607 Quo
759 3533 932 3624 completo,
965 3534 1034 3623 ipso
1062 3553 1201 3621 poenam
1230 3552 1301 3602 era·

119 3616 281 3702 audente,
307 3617 421 3685 fluvius
442 3616 558 3685 exinde
579 3640 694 3687 aureas
716 3620 833 3701 dieitur
853 3642 968 3688 arenas
988 3619 1148 3686 habuisse.

290 3831 382 3911 118.
432 3838 720 3947 ΙΕιρΙειιιειῑίο
750 3840 955 3941 ejusdem
992 3838 1190 3915 fabulae.
1228 3868 1232 3874 ·

254 3965 357 4031 Veri'
407 3977 513 4036 autem
546 3979 612 4050 est,
648 3967 723 4056 quia
750 3971 884 4058 quisque
912 3990 1044 4052 avarus,
1077 3989 1175 4056 quum
1199 3967 1307 4037 omnia

169 4052 273 4142 pretio
303 4050 344 4118 de
407 4067 458 4134 at,
498 4055 583 4122 lame
612 4056 755 4122 moritur.
797 4054 896 4130 Quod
923 4053 1013 4121 Mida
1040 4058 1213 4139 rexerat,
1252 4054 1307 4159 qui

170 4138 305 4205 collecta
339 4141 544 4227 pecuniarum
585 4163 715 4231 suarum
745 4164 887 4222 summa,
928 4151 966 4208 ut
999 4141 1181 4209 Sosicrotes
1217 4139 1307 4221 dicat,

81 4308 85 4315 .
128 4224 338 4296 toPactolum
367 4224 516 4309 flurium,
548 4227 662 4316 quiin
692 4250 781 4297 mare
804 4226 979 4307 decurrere
999 4227 1109 4296 solitos
1127 4236 1218 4312 erat,
1248 4248 1308 4320 per
1345 4263 1346 4268 κ
