2684 4606
89 208 96 217 ’
150 296 159 307 q
255 268 256 276 Ν
331 134 627 324 myrteam.
670 152 978 289 re‚=a-.a.1
1041 191 1067 312 j,
1126 190 1210 272 aas
1313 198 1316 209 ¹

371 315 380 342 b
747 320 750 331 ¹
1256 332 1261 354 r

76 389 136 434 seu
158 365 246 458 quod
268 365 434 434 vinolentia
457 365 614 434 feritatem
635 380 789 455 generet.
809 393 868 438 seu
885 354 1071 460 'quod'rlno
1091 375 1207 442 ellera-
1256 435 1264 449 ,

77 464 132 519 tae
151 469 275 520 mentes
297 452 503 520 mulceantur.
521 492 524 499 ·
544 451 643 519 Unde
667 465 701 523 et
717 447 868 524 Lenaeus
889 457 977 542 iuxta
999 454 1207 546 Fulgentium
1261 504 1264 513 ·
1305 469 1329 484 ”

73 539 211 620 dicitur,
246 536 547 628 quasilenitatem
570 551 770 625 praestans.
824 539 953 610 Iisdem·
969 541 1012 608 de
1036 546 1141 612 causis
1172 558 1206 616 et

73 625 234 706 Bacchas,
250 648 270 690 a
283 623 480 706 bacchando
491 623 556 693 sire
570 625 610 689 ab
625 625 693 713 ipso
706 626 838 693 Baccho
853 626 964 708 dictas,
985 629 1205 713 eisacramus;
1309 656 1311 668 ¹

73 732 154 797 quas
166 722 200 778 et
210 713 295 799 ipsas
306 712 541 796 nonnumquam
550 708 608 801 rel,
622 721 659 777 ut
669 711 712 778 ait
721 712 918 793 Lactantius,
932 715 1228 800 linguaMacedo-5

72 819 167 878 num,
190 799 255 876 rel,
276 808 312 863 ut
331 796 402 861 alibi
422 794 557 880 legitur,
579 819 598 861 a
621 797 768 880 Graeco,
791 797 876 888 quod
890 797 1054 886 furorem
1081 802 1203 888 signifi·
1248 877 1251 881 ⁸

70 893 145 964 cat,
167 881 383 961 Mimallones3
415 892 448 946 et
468 903 488 945 a
509 882 638 947 Graeco
659 884 814 965 aethere,
835 883 922 973 quod
944 885 1037 964 item,
1068 898 1104 952 ut
1122 888 1217 974 legi,
1243 909 1294 949 :aa

69 990 153 1050 mus,
172 966 301 1055 furere
317 968 553 1052 interpretatur,
574 965 747 1034 Maenades
771 981 978 1059 nuncupatas,
1001 971 1030 1036 ei
1046 972 1202 1040 ministras

68 1051 141 1120 dari
156 1054 313 1120 dicimus.
364 1053 449 1119 Nam
484 1050 620 1140 quoda
646 1047 748 1141 μήνη·
775 1056 862 1121 lunc
899 1054 1075 1125 Maenades
1107 1059 1200 1145 quasi
1232 1087 1235 1104 ‹

68 1140 267 1221 lunatione,
293 1137 417 1218 idest,
442 1135 644 1205 :admodum
665 1137 872 1208 lunaticorum
896 1138 1054 1226 furentes,
1078 1161 1244 1213 nuncu-lu

68 1236 165 1311 patae
186 1225 257 1302 sint,
280 1226 383 1311 magis
405 1225 616 1310 compositum
637 1230 732 1311 quam
761 1249 871 1294 verum
890 1226 1027 1295 ridetur.
1068 1229 1200 1331 Lyncea
1301 1260 1305 1267 ·

68 1310 98 1375 ei
119 1310 163 1376 ob
186 1311 330 1390 nimiam,
352 1328 416 1399 qua
431 1309 572 1395 insignes
592 1332 648 1375 eas
672 1311 872 1398 accepimus,
903 1313 986 1378 risus
1008 1335 1081 1401 pers
1105 1317 1200 1381 roasi-

67 1407 167 1463 tatem
207 1398 344 1464 arbitror
380 1394 536 1483 deputari.
586 1395 706 1462 'Vinum
739 1397 840 1478 enim,
883 1409 920 1466 ut
946 1398 1034 1487 ajunt
1065 1337 1200 1488 physici,
1256 1404 1259 1413 '

65 1482 198 1561 modice¹
215 1481 461 1549 sumtumracuit
480 1478 653 1566 ingenium.
750 1514 753 1519 >
1203 1557 1206 1567 Ι
1315 1483 1337 1562 j

149 1571 181 1636 4.
223 1569 354 1635 lurenis
378 1565 583 1656 depingitur,
617 1565 692 1652 quia
712 1584 884 1650 numquam
905 1567 1042 1635 ebrietas
1073 1582 1238 1639 maturata

64 1664 122 1720 est
174 1651 292 1721 Nudus
322 1652 416 1718 etiam
445 1653 511 1719 sire
540 1648 627 1746 'quod
648 1650 753 1740 juata¹
772 1651 981 1736 Fulgentium
1014 1655 1128 1721 ebriosi
1161 1658 1198 1724 se
1311 1682 1313 1687 ·

62 1750 271 1890 pernoctem
301 1736 457 1804 versando
486 1735 678 1824 plerumque·
701 1733 777 1800 nudi
799 1739 896 1817 liant3
932 1737 981 1804 vol
1001 1739 1087 1827 quod
1109 1742 1197 1807 vino-

36 1818 39 1836 '
74 1826 137 1892 enti
166 1824 242 1891 dum
274 1824 401 1912 potibus
432 1822 615 1908 indulgent,
646 1844 683 1886 se
712 1845 731 1889 a
765 1823 939 1890 substantia
966 1825 1108 1909 nudant,·
1138 1852 1195 1895 scu

61 1912 136 1996 quia
167 1909 279 1976 mentis
315 1918 440 1976 secreta
472 1922 587 1995 tegere
616 1929 680 1974 non
708 1908 809 1993 possit
836 1931 897 1975 nec
922 1909 1002 1977 sciat
1034 1913 1188 1981 ebriosus.

61 1996 149 2062 Jovis
179 1996 291 2062 femori
322 1997 446 2061 insutus
473 1994 607 2080 fingitur
641 1979 675 2059 rh
701 1990 776 2058 inde
805 1995 1009 2082 progenitus,
1037 1998 1129 2087 quia,
1159 2007 1236 2068 utto
1268 2072 1275 2079 ‚

60 2082 163 2153 refert
182 2083 214 2147 in
247 2079 505 2167 Cosmographia
529 2079 724 2157 Martianus,
741 2091 807 2159 ,est
832 2081 864 2146 in
893 2080 1031 2168 quadam
1060 2085 1194 2170 regione

60 2170 137 2249 urbs
161 2167 253 2256 Nysa
273 2166 495 2253 Liberopatri
514 2187 625 2245 sacra,
653 2187 809 2251 monsque
837 2165 948 2232 Meros
977 2167 1048 2232 lovi
1081 2193 1193 2252 sacen

58 2252 149 2319 unde
170 2268 204 2319 et
227 2254 348 2340 ipsum,
368 2252 485 2343 inquit,
520 2250 626 2316 labula
652 2258 717 2326 est,
749 2273 769 2314 e
789 2251 876 2316 Jovis
899 2252 1021 2318 temore
1042 2255 1192 2341 (μηροῦ)
1267 2280 1274 2298 ‘

54 2348 282 2428 procreatum..
316 2337 409 2426 Apud
436 2334 622 2420 Remigium
644 2345 751 2400 tamen
769 2333 926 2486 legimus,
958 2336 1079 2426 Nysam
1102 2363 1190 2405 mon·
1217 2387 1219 2391 ψ
1315 2362 1318 2367 “

55 2437 123 2492 tem
145 2446 220 2491 esse
239 2421 366 2504 indiae,
389 2423 421 2488 in
443 2444 506 2509 quo
529 2420 626 2489 hodie
647 2441 774 2507 quoque
826 2422 924 2502 iberi,
943 2422 1059 2510 inquit,
1081 2426 1231 2492 ferun-2⁵

56 2523 111 2576 tur
131 2532 206 2576 esse
226 2508 410 2598 crepundia.
456 2509 590 2573 Sanea
623 2504 714 2592 Nysa
747 2505 896 2573 Nsaeus
935 2506 984 2573 vel
1016 2509 1191 2598 Dionysus,
1256 2568 1258 2573 .
1300 2546 1307 2560 ι

52 2596 164 2662 idest
196 2594 277 2662 deus
305 2595 431 2685 Nysae,
448 2662 451 2669 ,
466 2592 534 2658 dici
557 2591 722 2659 invenitur.
770 2530 919 2658 d'rondes
953 2590 1091 2659 hederae
1120 2597 1188 2685 ejus

26 2748 28 2752 ,
54 2682 157 2749 sacris
176 2679 333 2748 interesse
356 2688 559 2758 meruerunt,
595 2675 645 2744 rel
673 2677 715 2742 ob
742 2696 875 2743 uvarum
903 2686 937 2742 et
963 2682 1189 2768 corymbormtr

53 2766 307 2845 similitudinem,
343 2766 392 2832 vel
418 2763 506 2854 quod
535 2783 663 2850 semper
678 2762 787 2852 juveni
807 2761 870 2829 deo
898 2783 1026 2850 semper
1056 2766 1187 2833 virentia
1244 2799 1293 2845 <5:-

53 2853 255 2920 conveniant.
298 2851 385 2918 Hinc
403 2864 440 2918 et
459 2846 583 2917 hedera
602 2852 840 2917 coronabantur
863 2852 979 2937 poetae
999 2848 1046 2914 rel
1074 2856 1229 2939 utpoteto

52 2939 178 3006 Libero
199 2937 394 3018 consecrati,
415 2936 469 3025 qui
490 2946 527 3003 ut
546 2934 698 3001 Bacchae
717 2935 886 3012 insaniunt,
908 2932 993 2999 unde
1016 2935 1185 3010 Horatius:

759 3020 806 3084 Ut
825 3019 916 3084 nrcle
938 3040 1040 3083 sanos
1100 3088 1103 3099 ,

139 3109 345 3196 Adscrip'sit
365 3109 474 3175 Liber
495 3109 637 3196 Satyris
657 3106 858 3192 Faunisque
879 3115 1020 3190 poetam

53 3193 103 3260 rel
124 3197 201 3282 quia
220 3216 348 3282 semper
366 3196 472 3262 virent
494 3193 652 3277 hederae,
685 3195 769 3258 sicut
796 3190 935 3256 carmina
965 3189 1184 3256 aeternitatem

52 3292 228 3347 merentur.
270 3281 381 3347 Habet
402 3279 526 3361 sabula,
545 3303 658 3367 regem
681 3274 841 3344 Thraciae
861 3274 1069 3364 Lycurgum,
1107 3273 1225 3345 dum³⁵

53 3379 263 3433 contemnens
274 3366 440 3433 Bacchum
456 3367 523 3456 ejus
539 3374 717 3454 amputaret
729 3363 817 3438 vites,
840 3381 934 3427 crura
951 3383 1009 3450 sua
1024 3358 1184 3426 incidisse.

52 3453 185 3541 Revera
206 3460 323 3532 autem,
344 3465 380 3519 ut
402 3455 532 3518 Servius
554 3452 649 3531 dicit,
674 3447 846 3514 abstemius
868 3445 937 3526 luit,
960 3468 1039 3535 quos
1059 3457 1185 3513 constat

53 3539 188 3605 acrioris
209 3550 343 3605 naturae
363 3561 444 3617 esse,
466 3536 553 3624 quod
574 3539 667 3604 etiam
690 3534 731 3600 de
747 3531 966 3634 Demosthene
986 3531 1104 3597 dictum
1127 3542 1196 3609 est.

138 3627 171 3691 5.
215 3623 347 3690 Corde
369 3623 515 3704 Semele,
549 3646 615 3688 una
642 3620 775 3687 filiarum
809 3614 941 3697 Cadmi,
976 3616 1057 3682 Jove
1081 3616 1184 3683 fulmi·
1236 3674 1281 3705 w,
1306 3622 1317 3645 ““

52 3720 169 3789 nante,
199 3721 291 3776 natus
308 3711 534 3797 perhibeatur,
567 3707 641 3774 nibil
661 3731 713 3774 me
735 3703 821 3792 quod
843 3701 926 3768 tradi
948 3699 1080 3789 dignum
1092 3702 1225 3803 judi-tu
1305 3744 1328 3751 --

52 3796 194 3862 caverim
229 3796 260 3860 le
284 3798 347 3862 isse
386 3797 522 3861 memini.
581 3796 658 3860 Hoc
693 3804 800 3857 tamen
832 3811 897 3853 uon
931 3798 1186 3874 praetermittere
1217 3814 1220 3819 ·
1255 3826 1258 3831 ·

53 3880 148 3961 duni,
186 3820 283 3969 quod
304 3882 349 3947 lv
380 3892 470 3947 erant
494 3901 644 3957 sorores,
683 3877 760 3956 luo,
794 3875 957 3949 Autonoe,
993 3872 1120 3939 Semele
1153 3882 1188 3940 et

53 3972 183 4054 Agave3
221 3980 255 4036 et
275 3968 321 4035 lv
345 3978 435 4046 sunt,
456 3977 492 4032 ut
513 3966 558 4031 ait
577 3964 787 4050 Fulgentius,
807 3959 967 4025 ebrietatis
988 3980 1130 4044 genera,
1151 3956 1186 4024 id

54 4067 105 4121 est
128 4051 314 4134 vinolentia,
334 4075 439 4118 rerum
464 4050 595 4132 oblivio,
616 4047 728 4127 libido,
747 4044 891 4114 insania.
921 4044 1028 4109 Prima
1050 4065 1187 4131 namque

53 4151 103 4206 est
123 4138 206 4218 luo,
243 4161 327 4228 quae
354 4138 476 4202 viuum
501 4137 762 4225 interpretatura
781 4128 923 4198 secunda
952 4132 1116 4207 Antenoi,
1151 4120 1225 4195 idua

53 4236 122 4321 est,
156 4247 193 4290 se
212 4225 291 4315 ipsc
312 4246 380 4290 non
401 4234 627 4314 cognoscensa
663 4218 760 4288 tenta
779 4215 934 4298 Semele,
963 4236 1055 4303 quae
1074 4231 1213 4294 corpus
