<?xml version="1.0" encoding="UTF-8"?>
<!DOCTYPE html PUBLIC "-//W3C//DTD XHTML 1.0 Transitional//EN"
    "http://www.w3.org/TR/xhtml1/DTD/xhtml1-transitional.dtd">
<html xmlns="http://www.w3.org/1999/xhtml" xml:lang="en" lang="en">
 <head>
  <title>
</title>
<meta http-equiv="Content-Type" content="text/html;charset=utf-8" />
  <meta name='ocr-system' content='tesseract 3.04.00' />
  <meta name='ocr-capabilities' content='ocr_page ocr_carea ocr_par ocr_line ocrx_word'/>
</head>
<body>
  <div class='ocr_page' id='page_1' title='image "./scriptoresrereu00bodegoog_0049.png"; bbox 0 0 2684 4606; ppageno 0'>
   <div class='ocr_carea' id='block_1_1' title="bbox 151 110 975 260">
    <p class='ocr_par' dir='ltr' id='par_1_1' title="bbox 151 110 975 260">
     <span class='ocr_line' id='line_1_1' title="bbox 151 110 975 260; baseline -0.004 -24"><span class='ocrx_word' id='word_1_1' title='bbox 151 161 207 238; x_wconf 81' lang='lat' dir='ltr'>ao</span> <span class='ocrx_word' id='word_1_2' title='bbox 467 110 649 260; x_wconf 62' lang='lat' dir='ltr'>nynoff&#39;r.</span> <span class='ocrx_word' id='word_1_3' title='bbox 677 159 710 232; x_wconf 85' lang='lat'>1.</span> <span class='ocrx_word' id='word_1_4' title='bbox 765 156 820 231; x_wconf 82' lang='lat' dir='ltr'>se</span> <span class='ocrx_word' id='word_1_5' title='bbox 841 154 975 233; x_wconf 47' lang='lat' dir='ltr'>saa.</span> 
     </span>
    </p>
   </div>
   <div class='ocr_carea' id='block_1_2' title="bbox 215 312 1313 450">
    <p class='ocr_par' dir='ltr' id='par_1_2' title="bbox 215 304 1313 450">
     <span class='ocr_line' id='line_1_2' title="bbox 215 312 1313 450; baseline 0 -28"><span class='ocrx_word' id='word_1_6' title='bbox 215 347 283 422; x_wconf 74' lang='lat'>56.</span> <span class='ocrx_word' id='word_1_7' title='bbox 338 346 585 440; x_wconf 80' lang='lat' dir='ltr'>Hercules,</span> <span class='ocrx_word' id='word_1_8' title='bbox 603 312 861 421; x_wconf 54' lang='lat' dir='ltr'>sntsinous</span> <span class='ocrx_word' id='word_1_9' title='bbox 896 357 938 419; x_wconf 84' lang='lat' dir='ltr'>et</span> <span class='ocrx_word' id='word_1_10' title='bbox 974 342 1220 450; x_wconf 74' lang='lat' dir='ltr'><strong>Harpyiae.</strong></span> <span class='ocrx_word' id='word_1_11' title='bbox 1307 326 1313 343; x_wconf 69' lang='lat'>.</span> 
     </span>
    </p>
   </div>
   <div class='ocr_carea' id='block_1_3' title="bbox 56 472 1290 823">
    <p class='ocr_par' dir='ltr' id='par_1_3' title="bbox 56 472 1290 823">
     <span class='ocr_line' id='line_1_3' title="bbox 235 472 1289 564; baseline 0 -21"><span class='ocrx_word' id='word_1_12' title='bbox 235 477 401 556; x_wconf 73' lang='lat' dir='ltr'>Alcinous,</span> <span class='ocrx_word' id='word_1_13' title='bbox 415 472 616 540; x_wconf 83' lang='lat' dir='ltr'>&#39;Phaeacum</span> <span class='ocrx_word' id='word_1_14' title='bbox 641 496 719 553; x_wconf 86' lang='lat' dir='ltr'>rex,</span> <span class='ocrx_word' id='word_1_15' title='bbox 758 474 928 541; x_wconf 81' lang='lat' dir='ltr'>laborabat</span> <span class='ocrx_word' id='word_1_16' title='bbox 954 474 995 539; x_wconf 93' lang='lat' dir='ltr'>ab</span> <span class='ocrx_word' id='word_1_17' title='bbox 1021 474 1181 564; x_wconf 80' lang='lat' dir='ltr'>Harpyiis.</span> <span class='ocrx_word' id='word_1_18' title='bbox 1236 476 1289 543; x_wconf 82' lang='lat' dir='ltr'>Ad</span> 
     </span>
     <span class='ocr_line' id='line_1_4' title="bbox 150 558 1288 652; baseline 0 -23"><span class='ocrx_word' id='word_1_19' title='bbox 150 580 245 652; x_wconf 80' lang='lat' dir='ltr'>quem</span> <span class='ocrx_word' id='word_1_20' title='bbox 273 560 430 628; x_wconf 87' lang='lat' dir='ltr'>Hercules</span> <span class='ocrx_word' id='word_1_21' title='bbox 451 558 597 638; x_wconf 84' lang='lat' dir='ltr'>veniens,</span> <span class='ocrx_word' id='word_1_22' title='bbox 629 581 726 648; x_wconf 78' lang='lat' dir='ltr'>qurum</span> <span class='ocrx_word' id='word_1_23' title='bbox 748 559 811 625; x_wconf 84' lang='lat' dir='ltr'>lroc</span> <span class='ocrx_word' id='word_1_24' title='bbox 841 582 860 625; x_wconf 92' lang='lat' dir='ltr'>a</span> <span class='ocrx_word' id='word_1_25' title='bbox 908 560 1039 633; x_wconf 75' lang='lat' dir='ltr'>onsset,</span> <span class='ocrx_word' id='word_1_26' title='bbox 1073 560 1288 648; x_wconf 74' lang='lat' dir='ltr'>praestolatus</span> 
     </span>
     <span class='ocr_line' id='line_1_5' title="bbox 56 643 1289 729; baseline 0.001 -15"><span class='ocrx_word' id='word_1_27' title='bbox 56 683 59 697; x_wconf 83' lang='lat'><strong>·</strong></span> <span class='ocrx_word' id='word_1_28' title='bbox 150 664 200 717; x_wconf 87' lang='lat' dir='ltr'>est</span> <span class='ocrx_word' id='word_1_29' title='bbox 222 668 330 714; x_wconf 91' lang='lat' dir='ltr'>earum</span> <span class='ocrx_word' id='word_1_30' title='bbox 364 645 554 725; x_wconf 80' lang='lat' dir='ltr'>adventum,</span> <span class='ocrx_word' id='word_1_31' title='bbox 589 643 631 710; x_wconf 90' lang='lat' dir='ltr'>ad</span> <span class='ocrx_word' id='word_1_32' title='bbox 664 666 804 725; x_wconf 84' lang='lat' dir='ltr'>mensam</span> <span class='ocrx_word' id='word_1_33' title='bbox 837 645 928 713; x_wconf 89' lang='lat' dir='ltr'>scita</span> <span class='ocrx_word' id='word_1_34' title='bbox 957 667 1046 710; x_wconf 85' lang='lat' dir='ltr'>more</span> <span class='ocrx_word' id='word_1_35' title='bbox 1077 647 1289 729; x_wconf 65' lang='lat' dir='ltr'>venientium}</span> 
     </span>
     <span class='ocr_line' id='line_1_6' title="bbox 127 727 1290 823; baseline 0.002 -25"><span class='ocrx_word' id='word_1_36' title='bbox 127 750 230 822; x_wconf 77' lang='lat' dir='ltr'>squas</span> <span class='ocrx_word' id='word_1_37' title='bbox 261 732 437 800; x_wconf 87' lang='lat' dir='ltr'>vulneratas</span> <span class='ocrx_word' id='word_1_38' title='bbox 467 727 605 819; x_wconf 80' lang='lat' dir='ltr'><strong>reppulit</strong></span> <span class='ocrx_word' id='word_1_39' title='bbox 632 752 785 819; x_wconf 80' lang='lat' dir='ltr'>aragne.</span> <span class='ocrx_word' id='word_1_40' title='bbox 828 732 900 799; x_wconf 87' lang='lat' dir='ltr'>Has</span> <span class='ocrx_word' id='word_1_41' title='bbox 929 731 1063 798; x_wconf 87' lang='lat' dir='ltr'>Ovidius</span> <span class='ocrx_word' id='word_1_42' title='bbox 1094 733 1290 823; x_wconf 79' lang='lat' dir='ltr'>Stympdci·</span> 
     </span>
    </p>
   </div>
   <div class='ocr_carea' id='block_1_4' title="bbox 148 820 599 886">
    <p class='ocr_par' dir='ltr' id='par_1_4' title="bbox 148 820 599 886">
     <span class='ocr_line' id='line_1_7' title="bbox 148 820 599 886; baseline 0.007 -4"><span class='ocrx_word' id='word_1_43' title='bbox 148 820 241 886; x_wconf 78' lang='lat' dir='ltr'>lrdas</span> <span class='ocrx_word' id='word_1_44' title='bbox 264 831 366 886; x_wconf 86' lang='lat' dir='ltr'>vocal.</span> <span class='ocrx_word' id='word_1_45' title='bbox 594 842 599 851; x_wconf 89' lang='grc'>’</span> 
     </span>
    </p>
   </div>
   <div class='ocr_carea' id='block_1_5' title="bbox 362 982 1064 1060">
    <p class='ocr_par' dir='ltr' id='par_1_5' title="bbox 362 982 1064 1060">
     <span class='ocr_line' id='line_1_8' title="bbox 362 982 1064 1060; baseline -0.006 -2"><span class='ocrx_word' id='word_1_46' title='bbox 362 982 431 1058; x_wconf 74' lang='grc'>57.</span> <span class='ocrx_word' id='word_1_47' title='bbox 484 986 711 1060; x_wconf 87' lang='lat' dir='ltr'>Hercules</span> <span class='ocrx_word' id='word_1_48' title='bbox 745 997 789 1059; x_wconf 86' lang='lat' dir='ltr'>et</span> <span class='ocrx_word' id='word_1_49' title='bbox 821 983 1064 1060; x_wconf 74' lang='lat' dir='ltr'>Cerberus.</span> 
     </span>
    </p>
   </div>
   <div class='ocr_carea' id='block_1_6' title="bbox 49 1102 1306 1809">
    <p class='ocr_par' dir='ltr' id='par_1_6' title="bbox 49 1102 1306 1809">
     <span class='ocr_line' id='line_1_9' title="bbox 232 1102 1289 1217; baseline -0.004 -36"><span class='ocrx_word' id='word_1_50' title='bbox 232 1115 409 1194; x_wconf 88' lang='lat' dir='ltr'>Hercules,</span> <span class='ocrx_word' id='word_1_51' title='bbox 442 1112 483 1180; x_wconf 93' lang='lat' dir='ltr'>ad</span> <span class='ocrx_word' id='word_1_52' title='bbox 516 1113 635 1180; x_wconf 90' lang='lat' dir='ltr'>inleros</span> <span class='ocrx_word' id='word_1_53' title='bbox 672 1110 889 1217; x_wconf 60' lang='lat' dir='ltr'>descendensy</span> <span class='ocrx_word' id='word_1_54' title='bbox 917 1125 1065 1201; x_wconf 89' lang='lat' dir='ltr'>rapturus</span> <span class='ocrx_word' id='word_1_55' title='bbox 1107 1102 1289 1192; x_wconf 77' lang='lat' dir='ltr'>Theseum,</span> 
     </span>
     <span class='ocr_line' id='line_1_10' title="bbox 49 1195 1288 1281; baseline -0.003 -12"><span class='ocrx_word' id='word_1_56' title='bbox 49 1245 52 1249; x_wconf 92' lang='lat'><em>-</em></span> <span class='ocrx_word' id='word_1_57' title='bbox 152 1201 270 1281; x_wconf 77' lang='lat' dir='ltr'><strong>timuit,</strong></span> <span class='ocrx_word' id='word_1_58' title='bbox 310 1224 352 1267; x_wconf 91' lang='lat' dir='ltr'>ne</span> <span class='ocrx_word' id='word_1_59' title='bbox 383 1200 571 1278; x_wconf 84' lang='lat' dir='ltr'>Cerberus,</span> <span class='ocrx_word' id='word_1_60' title='bbox 602 1200 632 1264; x_wconf 95' lang='lat' dir='ltr'><strong>in</strong></span> <span class='ocrx_word' id='word_1_61' title='bbox 668 1196 752 1265; x_wconf 91' lang='lat' dir='ltr'>illum</span> <span class='ocrx_word' id='word_1_62' title='bbox 787 1211 958 1280; x_wconf 80' lang='lat' dir='ltr'>transiens,</span> <span class='ocrx_word' id='word_1_63' title='bbox 996 1199 1154 1264; x_wconf 85' lang='lat' dir='ltr'>laceraret</span> <span class='ocrx_word' id='word_1_64' title='bbox 1190 1195 1288 1265; x_wconf 91' lang='lat' dir='ltr'>illum.</span> 
     </span>
     <span class='ocr_line' id='line_1_11' title="bbox 106 1278 1289 1375; baseline -0.001 -23"><span class='ocrx_word' id='word_1_65' title='bbox 106 1288 354 1375; x_wconf 85' lang='lat' dir='ltr'>loQuapropter</span> <span class='ocrx_word' id='word_1_66' title='bbox 389 1285 525 1352; x_wconf 88' lang='lat' dir='ltr'>insiliens</span> <span class='ocrx_word' id='word_1_67' title='bbox 540 1284 544 1293; x_wconf 87' lang='lat'>&#39;</span> <span class='ocrx_word' id='word_1_68' title='bbox 558 1285 589 1349; x_wconf 94' lang='lat' dir='ltr'><strong>in</strong></span> <span class='ocrx_word' id='word_1_69' title='bbox 622 1285 817 1365; x_wconf 79' lang='lat' dir='ltr'>Cerberum,</span> <span class='ocrx_word' id='word_1_70' title='bbox 852 1287 947 1353; x_wconf 81' lang='lat' dir='ltr'>traxit</span> <span class='ocrx_word' id='word_1_71' title='bbox 980 1307 1052 1350; x_wconf 86' lang='lat' dir='ltr'>eum</span> <span class='ocrx_word' id='word_1_72' title='bbox 1087 1278 1138 1349; x_wconf 85' lang='lat' dir='ltr'>ab&#39;</span> <span class='ocrx_word' id='word_1_73' title='bbox 1164 1281 1289 1351; x_wconf 88' lang='lat' dir='ltr'>inieris.</span> 
     </span>
     <span class='ocr_line' id='line_1_12' title="bbox 147 1368 1306 1460; baseline -0.002 -22"><span class='ocrx_word' id='word_1_74' title='bbox 147 1372 319 1460; x_wconf 81' lang='lat' dir='ltr'>Quumque</span> <span class='ocrx_word' id='word_1_75' title='bbox 351 1370 506 1438; x_wconf 84' lang='lat' dir='ltr'><strong>insolitam</strong></span> <span class='ocrx_word' id='word_1_76' title='bbox 532 1369 636 1444; x_wconf 80' lang='lat' dir='ltr'>lucem</span> <span class='ocrx_word' id='word_1_77' title='bbox 663 1368 791 1438; x_wconf 85' lang='lat' dir='ltr'>vidisset</span> <span class='ocrx_word' id='word_1_78' title='bbox 811 1392 1017 1460; x_wconf 86' lang='lat' dir='ltr'>superorum,</span> <span class='ocrx_word' id='word_1_79' title='bbox 1052 1389 1196 1458; x_wconf 90' lang='lat' dir='ltr'>spumam</span> <span class='ocrx_word' id='word_1_80' title='bbox 1227 1392 1306 1447; x_wconf 59' lang='lat' dir='ltr'>ore,</span> 
     </span>
     <span class='ocr_line' id='line_1_13' title="bbox 147 1454 1287 1548; baseline -0.001 -26"><span class='ocrx_word' id='word_1_81' title='bbox 147 1460 258 1548; x_wconf 89' lang='lat' dir='ltr'>ejecit,</span> <span class='ocrx_word' id='word_1_82' title='bbox 280 1481 319 1525; x_wconf 84' lang='lat' dir='ltr'>ex</span> <span class='ocrx_word' id='word_1_83' title='bbox 340 1464 444 1544; x_wconf 86' lang='lat' dir='ltr'>eaque</span> <span class='ocrx_word' id='word_1_84' title='bbox 464 1476 577 1544; x_wconf 81' lang='lat' dir='ltr'>spuma</span> <span class='ocrx_word' id='word_1_85' title='bbox 599 1454 714 1520; x_wconf 88' lang='lat' dir='ltr'>dicitur</span> <span class='ocrx_word' id='word_1_86' title='bbox 735 1468 809 1523; x_wconf 86' lang='lat' dir='ltr'>nata</span> <span class='ocrx_word' id='word_1_87' title='bbox 823 1458 931 1524; x_wconf 76' lang='lat' dir='ltr'>luisse</span> <span class='ocrx_word' id='word_1_88' title='bbox 962 1454 1063 1521; x_wconf 81' lang='lat' dir='ltr'>lrerba</span> <span class='ocrx_word' id='word_1_89' title='bbox 1090 1454 1287 1536; x_wconf 81' lang='lat' dir='ltr'>venenifera,</span> 
     </span>
     <span class='ocr_line' id='line_1_14' title="bbox 146 1539 1289 1628; baseline -0.003 -18"><span class='ocrx_word' id='word_1_90' title='bbox 146 1546 273 1610; x_wconf 88' lang='lat' dir='ltr'>nomine</span> <span class='ocrx_word' id='word_1_91' title='bbox 301 1543 469 1610; x_wconf 81' lang='lat' dir='ltr'>aconitum.</span> <span class='ocrx_word' id='word_1_92' title='bbox 519 1539 604 1608; x_wconf 87' lang='lat' dir='ltr'>Nam</span> <span class='ocrx_word' id='word_1_93' title='bbox 634 1541 798 1609; x_wconf 83' lang='lat' dir='ltr'>Cerberus</span> <span class='ocrx_word' id='word_1_94' title='bbox 825 1554 911 1610; x_wconf 89' lang='lat' dir='ltr'>terra</span> <span class='ocrx_word' id='word_1_95' title='bbox 939 1552 1003 1623; x_wconf 76' lang='lat' dir='ltr'>est,</span> <span class='ocrx_word' id='word_1_96' title='bbox 1033 1562 1116 1628; x_wconf 88' lang='lat' dir='ltr'>quae</span> <span class='ocrx_word' id='word_1_97' title='bbox 1144 1541 1289 1619; x_wconf 89' lang='lat' dir='ltr'>omnium</span> 
     </span>
     <span class='ocr_line' id='line_1_15' title="bbox 143 1625 1287 1719; baseline -0.001 -23"><span class='ocrx_word' id='word_1_98' title='bbox 143 1652 319 1719; x_wconf 86' lang='lat' dir='ltr'>corporum</span> <span class='ocrx_word' id='word_1_99' title='bbox 361 1627 553 1695; x_wconf 84' lang='lat' dir='ltr'>consumtrix</span> <span class='ocrx_word' id='word_1_100' title='bbox 594 1641 651 1693; x_wconf 90' lang='lat' dir='ltr'>est.</span> <span class='ocrx_word' id='word_1_101' title='bbox 716 1627 811 1693; x_wconf 91' lang='lat' dir='ltr'>Unde</span> <span class='ocrx_word' id='word_1_102' title='bbox 848 1629 1011 1695; x_wconf 81' lang='lat' dir='ltr'>Cerberus</span> <span class='ocrx_word' id='word_1_103' title='bbox 1045 1625 1162 1693; x_wconf 87' lang='lat' dir='ltr'>dicitur</span> <span class='ocrx_word' id='word_1_104' title='bbox 1192 1627 1287 1717; x_wconf 88' lang='lat' dir='ltr'>quasi</span> 
     </span>
     <span class='ocr_line' id='line_1_16' title="bbox 106 1709 1249 1809; baseline -0.015 -24"><span class='ocrx_word' id='word_1_105' title='bbox 106 1709 344 1809; x_wconf 62' lang='lat' dir='ltr'>mopsopldpoe,</span> <span class='ocrx_word' id='word_1_106' title='bbox 373 1713 478 1779; x_wconf 89' lang='lat' dir='ltr'>idest</span> <span class='ocrx_word' id='word_1_107' title='bbox 498 1734 638 1776; x_wconf 79' lang='lat' dir='ltr'>curnem</span> <span class='ocrx_word' id='word_1_108' title='bbox 659 1735 794 1781; x_wconf 78' lang='lat' dir='ltr'>vorans.</span> <span class='ocrx_word' id='word_1_109' title='bbox 1246 1729 1249 1738; x_wconf 54' lang='lat'><em>¹</em></span> 
     </span>
    </p>
   </div>
   <div class='ocr_carea' id='block_1_7' title="bbox 228 1855 1290 2074">
    <p class='ocr_par' dir='ltr' id='par_1_7' title="bbox 228 1855 1290 2074">
     <span class='ocr_line' id='line_1_17' title="bbox 228 1855 1204 1993; baseline 0.002 -21"><span class='ocrx_word' id='word_1_110' title='bbox 228 1881 297 1972; x_wconf 74' lang='lat'>58.</span> <span class='ocrx_word' id='word_1_111' title='bbox 350 1897 601 1986; x_wconf 86' lang='lat' dir='ltr'>Hercules,</span> <span class='ocrx_word' id='word_1_112' title='bbox 639 1855 882 1993; x_wconf 79' lang='lat' dir='ltr'><strong>Deianira,</strong></span> <span class='ocrx_word' id='word_1_113' title='bbox 925 1894 1111 1974; x_wconf 79' lang='lat' dir='ltr'>Oeneus</span> <span class='ocrx_word' id='word_1_114' title='bbox 1156 1908 1204 1974; x_wconf 85' lang='lat' dir='ltr'>ei</span> 
     </span>
     <span class='ocr_line' id='line_1_18' title="bbox 314 1997 1290 2074; baseline 0.006 -4"><span class='ocrx_word' id='word_1_115' title='bbox 314 1999 315 2004; x_wconf 64' lang='grc'>’</span> <span class='ocrx_word' id='word_1_116' title='bbox 576 1997 845 2074; x_wconf 78' lang='lat' dir='ltr'>Centaurus.</span> <span class='ocrx_word' id='word_1_117' title='bbox 938 2021 941 2035; x_wconf 89' lang='grc'><strong><em>·</em></strong></span> <span class='ocrx_word' id='word_1_118' title='bbox 1287 2004 1290 2009; x_wconf 64' lang='grc'><em>’</em></span> 
     </span>
    </p>
   </div>
   <div class='ocr_carea' id='block_1_8' title="bbox 39 2124 1287 4273">
    <p class='ocr_par' dir='ltr' id='par_1_8' title="bbox 105 2124 1287 3517">
     <span class='ocr_line' id='line_1_19' title="bbox 232 2124 1287 2217; baseline 0 -22"><span class='ocrx_word' id='word_1_119' title='bbox 232 2130 382 2209; x_wconf 83' lang='lat' dir='ltr'>Oeneus,</span> <span class='ocrx_word' id='word_1_120' title='bbox 408 2127 599 2194; x_wconf 88' lang='lat' dir='ltr'>Porthaonis</span> <span class='ocrx_word' id='word_1_121' title='bbox 620 2127 717 2210; x_wconf 87' lang='lat' dir='ltr'>lilius,</span> <span class='ocrx_word' id='word_1_122' title='bbox 739 2150 795 2197; x_wconf 84' lang='lat' dir='ltr'>rex</span> <span class='ocrx_word' id='word_1_123' title='bbox 816 2129 974 2212; x_wconf 81' lang='lat' dir='ltr'>Aetoliae,</span> <span class='ocrx_word' id='word_1_124' title='bbox 995 2128 1153 2217; x_wconf 81' lang='lat' dir='ltr'>regnique</span> <span class='ocrx_word' id='word_1_125' title='bbox 1172 2124 1287 2195; x_wconf 69' lang='lat' dir='ltr'>sedm</span> 
     </span>
     <span class='ocr_line' id='line_1_20' title="bbox 147 2211 1286 2305; baseline -0.003 -22"><span class='ocrx_word' id='word_1_126' title='bbox 147 2215 270 2283; x_wconf 86' lang='lat' dir='ltr'>habens</span> <span class='ocrx_word' id='word_1_127' title='bbox 290 2215 320 2280; x_wconf 95' lang='lat' dir='ltr'>in</span> <span class='ocrx_word' id='word_1_128' title='bbox 337 2211 521 2302; x_wconf 86' lang='lat' dir='ltr'>Calydone,</span> <span class='ocrx_word' id='word_1_129' title='bbox 542 2212 726 2281; x_wconf 89' lang='lat' dir='ltr'>Deianiram</span> <span class='ocrx_word' id='word_1_130' title='bbox 747 2216 839 2282; x_wconf 89' lang='lat' dir='ltr'>liliam</span> <span class='ocrx_word' id='word_1_131' title='bbox 860 2216 989 2297; x_wconf 90' lang='lat' dir='ltr'>habuit,</span> <span class='ocrx_word' id='word_1_132' title='bbox 1011 2238 1104 2305; x_wconf 91' lang='lat' dir='ltr'>quam</span> <span class='ocrx_word' id='word_1_133' title='bbox 1124 2213 1286 2281; x_wconf 87' lang='lat' dir='ltr'>Hercules</span> 
     </span>
     <span class='ocr_line' id='line_1_21' title="bbox 105 2298 1285 2391; baseline -0.003 -23"><span class='ocrx_word' id='word_1_134' title='bbox 105 2314 182 2369; x_wconf 77' lang='lat' dir='ltr'>noct</span> <span class='ocrx_word' id='word_1_135' title='bbox 212 2299 366 2389; x_wconf 76' lang='lat' dir='ltr'>Alphbus,</span> <span class='ocrx_word' id='word_1_136' title='bbox 401 2301 455 2387; x_wconf 87' lang='lat' dir='ltr'>qui</span> <span class='ocrx_word' id='word_1_137' title='bbox 486 2311 520 2367; x_wconf 89' lang='lat' dir='ltr'>et</span> <span class='ocrx_word' id='word_1_138' title='bbox 546 2298 719 2382; x_wconf 83' lang='lat' dir='ltr'>Achelous,</span> <span class='ocrx_word' id='word_1_139' title='bbox 749 2301 825 2368; x_wconf 92' lang='lat' dir='ltr'>duro</span> <span class='ocrx_word' id='word_1_140' title='bbox 854 2315 1000 2391; x_wconf 91' lang='lat' dir='ltr'>peterent</span> <span class='ocrx_word' id='word_1_141' title='bbox 1027 2306 1058 2367; x_wconf 92' lang='lat' dir='ltr'>in</span> <span class='ocrx_word' id='word_1_142' title='bbox 1088 2299 1285 2389; x_wconf 81' lang='lat' dir='ltr'>conjugium,</span> 
     </span>
     <span class='ocr_line' id='line_1_22' title="bbox 147 2384 1284 2491; baseline -0.003 -38"><span class='ocrx_word' id='word_1_143' title='bbox 147 2398 240 2491; x_wconf 90' lang='lat' dir='ltr'>pater</span> <span class='ocrx_word' id='word_1_144' title='bbox 260 2385 409 2474; x_wconf 88' lang='lat' dir='ltr'>opposuit</span> <span class='ocrx_word' id='word_1_145' title='bbox 428 2384 485 2451; x_wconf 89' lang='lat' dir='ltr'>illis</span> <span class='ocrx_word' id='word_1_146' title='bbox 508 2385 589 2450; x_wconf 90' lang='lat' dir='ltr'>hano</span> <span class='ocrx_word' id='word_1_147' title='bbox 610 2385 735 2473; x_wconf 87' lang='lat' dir='ltr'>legem,</span> <span class='ocrx_word' id='word_1_148' title='bbox 757 2401 792 2456; x_wconf 88' lang='lat' dir='ltr'>ut</span> <span class='ocrx_word' id='word_1_149' title='bbox 812 2390 944 2455; x_wconf 86' lang='lat' dir='ltr'>invicem</span> <span class='ocrx_word' id='word_1_150' title='bbox 966 2388 1205 2466; x_wconf 79' lang='lat' dir='ltr'>conluctantes,</span> <span class='ocrx_word' id='word_1_151' title='bbox 1228 2386 1284 2474; x_wconf 87' lang='lat' dir='ltr'>qui</span> 
     </span>
     <span class='ocr_line' id='line_1_23' title="bbox 147 2469 1284 2555; baseline -0.001 -15"><span class='ocrx_word' id='word_1_152' title='bbox 147 2497 181 2540; x_wconf 88' lang='lat' dir='ltr'>rn</span> <span class='ocrx_word' id='word_1_153' title='bbox 202 2471 374 2539; x_wconf 85' lang='lat' dir='ltr'>certamine</span> <span class='ocrx_word' id='word_1_154' title='bbox 392 2469 525 2555; x_wconf 77' lang='lat' dir='ltr'>alterum</span> <span class='ocrx_word' id='word_1_155' title='bbox 547 2472 704 2550; x_wconf 86' lang='lat' dir='ltr'>vinceret,</span> <span class='ocrx_word' id='word_1_156' title='bbox 727 2473 776 2538; x_wconf 89' lang='lat' dir='ltr'>ille</span> <span class='ocrx_word' id='word_1_157' title='bbox 795 2473 977 2541; x_wconf 75' lang='lat' dir='ltr'>Deianiram</span> <span class='ocrx_word' id='word_1_158' title='bbox 993 2491 1124 2540; x_wconf 80' lang='lat' dir='ltr'>uxorem</span> <span class='ocrx_word' id='word_1_159' title='bbox 1141 2470 1284 2539; x_wconf 86' lang='lat' dir='ltr'>duceret.</span> 
     </span>
     <span class='ocr_line' id='line_1_24' title="bbox 148 2557 1283 2647; baseline -0.003 -23"><span class='ocrx_word' id='word_1_160' title='bbox 148 2559 213 2635; x_wconf 81' lang='lat' dir='ltr'>Qui</span> <span class='ocrx_word' id='word_1_161' title='bbox 234 2581 330 2647; x_wconf 91' lang='lat' dir='ltr'>quum</span> <span class='ocrx_word' id='word_1_162' title='bbox 352 2569 512 2626; x_wconf 88' lang='lat' dir='ltr'>certamen</span> <span class='ocrx_word' id='word_1_163' title='bbox 531 2557 662 2637; x_wconf 74' lang='lat' dir='ltr'>inirent,</span> <span class='ocrx_word' id='word_1_164' title='bbox 692 2558 867 2640; x_wconf 82' lang='lat' dir='ltr'>Achelous,</span> <span class='ocrx_word' id='word_1_165' title='bbox 891 2561 1038 2647; x_wconf 84' lang='lat' dir='ltr'>magicae</span> <span class='ocrx_word' id='word_1_166' title='bbox 1056 2558 1137 2629; x_wconf 83' lang='lat' dir='ltr'>¹artis</span> <span class='ocrx_word' id='word_1_167' title='bbox 1156 2570 1283 2645; x_wconf 86' lang='lat' dir='ltr'>potens,</span> 
     </span>
     <span class='ocr_line' id='line_1_25' title="bbox 148 2642 1282 2718; baseline -0.002 -8"><span class='ocrx_word' id='word_1_168' title='bbox 148 2647 181 2710; x_wconf 95' lang='lat' dir='ltr'>in</span> <span class='ocrx_word' id='word_1_169' title='bbox 213 2646 317 2710; x_wconf 83' lang='lat' dir='ltr'>varias</span> <span class='ocrx_word' id='word_1_170' title='bbox 346 2666 382 2708; x_wconf 89' lang='lat' dir='ltr'>se</span> <span class='ocrx_word' id='word_1_171' title='bbox 417 2642 554 2709; x_wconf 80' lang='lat' dir='ltr'>lerarun&#39;r</span> <span class='ocrx_word' id='word_1_172' title='bbox 586 2642 704 2709; x_wconf 86' lang='lat' dir='ltr'>formas</span> <span class='ocrx_word' id='word_1_173' title='bbox 735 2645 881 2718; x_wconf 80' lang='lat' dir='ltr'>mutavit3</span> <span class='ocrx_word' id='word_1_174' title='bbox 921 2660 954 2714; x_wconf 89' lang='lat' dir='ltr'>et</span> <span class='ocrx_word' id='word_1_175' title='bbox 982 2644 1111 2712; x_wconf 90' lang='lat' dir='ltr'>tandem</span> <span class='ocrx_word' id='word_1_176' title='bbox 1139 2643 1171 2708; x_wconf 93' lang='lat' dir='ltr'>iu</span> <span class='ocrx_word' id='word_1_177' title='bbox 1199 2643 1282 2711; x_wconf 91' lang='lat' dir='ltr'>tauri</span> 
     </span>
     <span class='ocr_line' id='line_1_26' title="bbox 107 2722 1281 2818; baseline -0.003 -20"><span class='ocrx_word' id='word_1_178' title='bbox 107 2730 291 2818; x_wconf 75' lang='lat' dir='ltr'>asspeciem</span> <span class='ocrx_word' id='word_1_179' title='bbox 319 2739 473 2808; x_wconf 88' lang='lat' dir='ltr'>mutatus,</span> <span class='ocrx_word' id='word_1_180' title='bbox 506 2729 548 2793; x_wconf 91' lang='lat' dir='ltr'>ab</span> <span class='ocrx_word' id='word_1_181' title='bbox 576 2727 718 2793; x_wconf 89' lang='lat' dir='ltr'>Hercule</span> <span class='ocrx_word' id='word_1_182' title='bbox 746 2731 933 2813; x_wconf 80' lang='lat' dir='ltr'>astrictus,</span> <span class='ocrx_word' id='word_1_183' title='bbox 962 2744 995 2798; x_wconf 91' lang='lat' dir='ltr'>et</span> <span class='ocrx_word' id='word_1_184' title='bbox 1015 2730 1160 2796; x_wconf 84' lang='lat' dir='ltr'>dextrum</span> <span class='ocrx_word' id='word_1_185' title='bbox 1181 2722 1281 2811; x_wconf 81' lang='lat' dir='ltr'>cornd</span> 
     </span>
     <span class='ocr_line' id='line_1_27' title="bbox 149 2815 1279 2905; baseline 0.001 -24"><span class='ocrx_word' id='word_1_186' title='bbox 149 2815 324 2881; x_wconf 88' lang='lat' dir='ltr'>abscissum</span> <span class='ocrx_word' id='word_1_187' title='bbox 361 2815 580 2901; x_wconf 89' lang='lat' dir='ltr'>proturbatum</span> <span class='ocrx_word' id='word_1_188' title='bbox 617 2824 673 2879; x_wconf 80' lang='lat' dir='ltr'>est.</span> <span class='ocrx_word' id='word_1_189' title='bbox 737 2815 833 2890; x_wconf 80' lang='lat' dir='ltr'>Quod</span> <span class='ocrx_word' id='word_1_190' title='bbox 871 2816 1039 2905; x_wconf 86' lang='lat' dir='ltr'>Nymphae</span> <span class='ocrx_word' id='word_1_191' title='bbox 1077 2815 1279 2903; x_wconf 88' lang='lat' dir='ltr'>accipientes,</span> 
     </span>
     <span class='ocr_line' id='line_1_28' title="bbox 148 2896 1278 2989; baseline 0.001 -21"><span class='ocrx_word' id='word_1_192' title='bbox 148 2902 315 2968; x_wconf 84' lang='lat' dir='ltr'>Fortunae</span> <span class='ocrx_word' id='word_1_193' title='bbox 334 2921 393 2985; x_wconf 90' lang='lat' dir='ltr'>pro</span> <span class='ocrx_word' id='word_1_194' title='bbox 415 2897 500 2964; x_wconf 93' lang='lat' dir='ltr'>dono</span> <span class='ocrx_word' id='word_1_195' title='bbox 523 2896 718 2983; x_wconf 82' lang='lat' dir='ltr'>obtulerunt:</span> <span class='ocrx_word' id='word_1_196' title='bbox 746 2901 832 2989; x_wconf 91' lang='lat' dir='ltr'>quod</span> <span class='ocrx_word' id='word_1_197' title='bbox 854 2903 999 2972; x_wconf 80' lang='lat' dir='ltr'>Fortuna</span> <span class='ocrx_word' id='word_1_198' title='bbox 1022 2902 1168 2967; x_wconf 89' lang='lat' dir='ltr'>omuibus</span> <span class='ocrx_word' id='word_1_199' title='bbox 1192 2902 1278 2969; x_wconf 86' lang='lat' dir='ltr'>bonis</span> 
     </span>
     <span class='ocr_line' id='line_1_29' title="bbox 149 2984 1277 3075; baseline -0.001 -22"><span class='ocrx_word' id='word_1_200' title='bbox 149 2985 301 3074; x_wconf 88' lang='lat' dir='ltr'>implens,</span> <span class='ocrx_word' id='word_1_201' title='bbox 332 2984 471 3073; x_wconf 90' lang='lat' dir='ltr'>Copiae,</span> <span class='ocrx_word' id='word_1_202' title='bbox 499 2984 659 3050; x_wconf 82' lang='lat' dir='ltr'>ministrae</span> <span class='ocrx_word' id='word_1_203' title='bbox 679 3008 774 3068; x_wconf 90' lang='lat' dir='ltr'>suae,</span> <span class='ocrx_word' id='word_1_204' title='bbox 795 2984 946 3068; x_wconf 83' lang='lat' dir='ltr'>tradidit,</span> <span class='ocrx_word' id='word_1_205' title='bbox 978 2999 1015 3056; x_wconf 90' lang='lat' dir='ltr'>ut</span> <span class='ocrx_word' id='word_1_206' title='bbox 1035 3010 1115 3075; x_wconf 88' lang='lat' dir='ltr'>quos</span> <span class='ocrx_word' id='word_1_207' title='bbox 1134 2986 1277 3054; x_wconf 84' lang='lat' dir='ltr'>Fortuna</span> 
     </span>
     <span class='ocr_line' id='line_1_30' title="bbox 153 3067 1276 3148; baseline 0.001 -10"><span class='ocrx_word' id='word_1_208' title='bbox 153 3071 263 3138; x_wconf 86' lang='lat' dir='ltr'>lovere</span> <span class='ocrx_word' id='word_1_209' title='bbox 291 3067 399 3148; x_wconf 85' lang='lat' dir='ltr'>vellet,</span> <span class='ocrx_word' id='word_1_210' title='bbox 433 3093 471 3136; x_wconf 91' lang='lat' dir='ltr'>co</span> <span class='ocrx_word' id='word_1_211' title='bbox 495 3069 524 3134; x_wconf 93' lang='lat' dir='ltr'>ia</span> <span class='ocrx_word' id='word_1_212' title='bbox 552 3068 609 3136; x_wconf 91' lang='lat' dir='ltr'>illis</span> <span class='ocrx_word' id='word_1_213' title='bbox 637 3070 751 3137; x_wconf 80' lang='lat' dir='ltr'>exinde</span> <span class='ocrx_word' id='word_1_214' title='bbox 776 3071 817 3138; x_wconf 93' lang='lat' dir='ltr'>ad</span> <span class='ocrx_word' id='word_1_215' title='bbox 867 3072 970 3140; x_wconf 90' lang='lat' dir='ltr'>lenum</span> <span class='ocrx_word' id='word_1_216' title='bbox 992 3084 1145 3138; x_wconf 89' lang='lat' dir='ltr'>manaret.</span> <span class='ocrx_word' id='word_1_217' title='bbox 1179 3073 1276 3139; x_wconf 65' lang='lat' dir='ltr'>»Unde</span> 
     </span>
     <span class='ocr_line' id='line_1_31' title="bbox 111 3092 1274 3247; baseline -0.003 -21"><span class='ocrx_word' id='word_1_218' title='bbox 111 3158 317 3226; x_wconf 80' lang='lat' dir='ltr'>auHoratius:</span> <span class='ocrx_word' id='word_1_219' title='bbox 337 3155 433 3220; x_wconf 82' lang='lat' dir='ltr'>Hinc</span> <span class='ocrx_word' id='word_1_220' title='bbox 445 3092 511 3218; x_wconf 71' lang='lat' dir='ltr'>ridi</span> <span class='ocrx_word' id='word_1_221' title='bbox 527 3155 625 3241; x_wconf 82' lang='lat' dir='ltr'>eopia</span> <span class='ocrx_word' id='word_1_222' title='bbox 639 3157 687 3220; x_wconf 79' lang='lat' dir='ltr'>acl</span> <span class='ocrx_word' id='word_1_223' title='bbox 720 3157 837 3222; x_wconf 81' lang='lat' dir='ltr'>lenum</span> <span class='ocrx_word' id='word_1_224' title='bbox 844 3097 1113 3247; x_wconf 68' lang='lat' dir='ltr'>benigno-eornm</span> <span class='ocrx_word' id='word_1_225' title='bbox 1122 3158 1274 3223; x_wconf 74' lang='lat' dir='ltr'>manabit</span> 
     </span>
     <span class='ocr_line' id='line_1_32' title="bbox 153 3181 1273 3332; baseline 0.002 -26"><span class='ocrx_word' id='word_1_226' title='bbox 153 3242 316 3306; x_wconf 72' lang='lat' dir='ltr'>licuerunt</span> <span class='ocrx_word' id='word_1_227' title='bbox 336 3237 499 3332; x_wconf 68' lang='lat' dir='ltr'>opulento</span> <span class='ocrx_word' id='word_1_228' title='bbox 519 3240 624 3303; x_wconf 82' lang='lat' dir='ltr'>ruris.</span> <span class='ocrx_word' id='word_1_229' title='bbox 667 3181 823 3330; x_wconf 55' lang='lat' dir='ltr'>Aiprbbus,</span> <span class='ocrx_word' id='word_1_230' title='bbox 853 3266 910 3309; x_wconf 89' lang='lat' dir='ltr'>seu</span> <span class='ocrx_word' id='word_1_231' title='bbox 933 3244 1105 3323; x_wconf 83' lang='lat' dir='ltr'>Achelous,</span> <span class='ocrx_word' id='word_1_232' title='bbox 1129 3243 1273 3312; x_wconf 74' lang='lat' dir='ltr'>confusus</span> 
     </span>
     <span class='ocr_line' id='line_1_33' title="bbox 152 3324 1272 3417; baseline 0.002 -23"><span class='ocrx_word' id='word_1_233' title='bbox 152 3325 268 3394; x_wconf 87' lang='lat' dir='ltr'>Alcidis</span> <span class='ocrx_word' id='word_1_234' title='bbox 301 3324 431 3404; x_wconf 85' lang='lat' dir='ltr'>virtute,</span> <span class='ocrx_word' id='word_1_235' title='bbox 471 3336 608 3390; x_wconf 89' lang='lat' dir='ltr'>mutatus</span> <span class='ocrx_word' id='word_1_236' title='bbox 643 3341 692 3394; x_wconf 88' lang='lat' dir='ltr'>est</span> <span class='ocrx_word' id='word_1_237' title='bbox 721 3329 752 3393; x_wconf 92' lang='lat' dir='ltr'>in</span> <span class='ocrx_word' id='word_1_238' title='bbox 781 3351 921 3407; x_wconf 88' lang='lat' dir='ltr'>amnem,</span> <span class='ocrx_word' id='word_1_239' title='bbox 961 3329 1085 3417; x_wconf 86' lang='lat' dir='ltr'>elapsus</span> <span class='ocrx_word' id='word_1_240' title='bbox 1116 3328 1272 3396; x_wconf 77' lang='lat' dir='ltr'>bostilibm</span> 
     </span>
     <span class='ocr_line' id='line_1_34' title="bbox 152 3410 1270 3517; baseline 0.002 -38"><span class='ocrx_word' id='word_1_241' title='bbox 152 3412 280 3502; x_wconf 82' lang='lat' dir='ltr'>palmis3</span> <span class='ocrx_word' id='word_1_242' title='bbox 310 3421 343 3477; x_wconf 90' lang='lat' dir='ltr'>et</span> <span class='ocrx_word' id='word_1_243' title='bbox 362 3410 476 3476; x_wconf 87' lang='lat' dir='ltr'>timens</span> <span class='ocrx_word' id='word_1_244' title='bbox 496 3431 636 3498; x_wconf 89' lang='lat' dir='ltr'>semper,</span> <span class='ocrx_word' id='word_1_245' title='bbox 665 3434 706 3478; x_wconf 91' lang='lat' dir='ltr'>ne</span> <span class='ocrx_word' id='word_1_246' title='bbox 726 3437 861 3517; x_wconf 78' lang='lat' dir='ltr'>usquam</span> <span class='ocrx_word' id='word_1_247' title='bbox 882 3429 1034 3502; x_wconf 89' lang='lat' dir='ltr'>appareat</span> <span class='ocrx_word' id='word_1_248' title='bbox 1054 3414 1170 3481; x_wconf 87' lang='lat' dir='ltr'>inimici</span> <span class='ocrx_word' id='word_1_249' title='bbox 1190 3438 1270 3504; x_wconf 89' lang='lat' dir='ltr'>prae</span> 
     </span>
    </p>

    <p class='ocr_par' dir='ltr' id='par_1_9' title="bbox 39 3499 1268 3760">
     <span class='ocr_line' id='line_1_35' title="bbox 39 3499 1268 3648; baseline 0.002 -83"><span class='ocrx_word' id='word_1_250' title='bbox 39 3550 41 3554; x_wconf 58' lang='grc'><em>»</em></span> <span class='ocrx_word' id='word_1_251' title='bbox 153 3499 270 3578; x_wconf 89' lang='lat' dir='ltr'>sentia,</span> <span class='ocrx_word' id='word_1_252' title='bbox 283 3517 349 3648; x_wconf 64' lang='lat' dir='ltr'>lpas</span> <span class='ocrx_word' id='word_1_253' title='bbox 366 3517 510 3561; x_wconf 87' lang='lat' dir='ltr'>concava</span> <span class='ocrx_word' id='word_1_254' title='bbox 532 3507 687 3563; x_wconf 86' lang='lat' dir='ltr'>terrarum</span> <span class='ocrx_word' id='word_1_255' title='bbox 708 3499 800 3566; x_wconf 72' lang='lat' dir='ltr'>undis</span> <span class='ocrx_word' id='word_1_256' title='bbox 822 3499 948 3567; x_wconf 80' lang='lat' dir='ltr'>Siciliae</span> <span class='ocrx_word' id='word_1_257' title='bbox 969 3499 1079 3567; x_wconf 86' lang='lat' dir='ltr'>aliluit.</span> <span class='ocrx_word' id='word_1_258' title='bbox 1122 3500 1268 3571; x_wconf 87' lang='lat' dir='ltr'>Hercule</span> 
     </span>
     <span class='ocr_line' id='line_1_36' title="bbox 112 3581 1268 3674; baseline 0.004 -24"><span class='ocrx_word' id='word_1_259' title='bbox 112 3612 148 3661; x_wconf 77' lang='lat'>35</span> <span class='ocrx_word' id='word_1_260' title='bbox 156 3595 269 3673; x_wconf 88' lang='lat' dir='ltr'>postea</span> <span class='ocrx_word' id='word_1_261' title='bbox 316 3581 465 3647; x_wconf 75' lang='lat' dir='ltr'>cianiram</span> <span class='ocrx_word' id='word_1_262' title='bbox 485 3583 515 3646; x_wconf 97' lang='lat' dir='ltr'>in</span> <span class='ocrx_word' id='word_1_263' title='bbox 535 3604 623 3650; x_wconf 88' lang='lat' dir='ltr'>suam</span> <span class='ocrx_word' id='word_1_264' title='bbox 645 3596 832 3672; x_wconf 87' lang='lat' dir='ltr'>potestatem</span> <span class='ocrx_word' id='word_1_265' title='bbox 854 3586 1031 3673; x_wconf 89' lang='lat' dir='ltr'>accipiens,</span> <span class='ocrx_word' id='word_1_266' title='bbox 1059 3583 1101 3650; x_wconf 90' lang='lat' dir='ltr'>ad</span> <span class='ocrx_word' id='word_1_267' title='bbox 1123 3587 1268 3674; x_wconf 84' lang='lat' dir='ltr'>quendau</span> 
     </span>
     <span class='ocr_line' id='line_1_37' title="bbox 154 3666 1266 3760; baseline 0.003 -24"><span class='ocrx_word' id='word_1_268' title='bbox 154 3671 283 3745; x_wconf 83' lang='lat' dir='ltr'>fluvium</span> <span class='ocrx_word' id='word_1_269' title='bbox 311 3666 451 3756; x_wconf 82' lang='lat' dir='ltr'>peruenit</span> <span class='ocrx_word' id='word_1_270' title='bbox 477 3668 593 3732; x_wconf 76' lang='lat' dir='ltr'>rimiae</span> <span class='ocrx_word' id='word_1_271' title='bbox 623 3671 855 3756; x_wconf 82' lang='lat' dir='ltr'>profunditatis.</span> <span class='ocrx_word' id='word_1_272' title='bbox 899 3673 1004 3746; x_wconf 80' lang='lat' dir='ltr'>Quem</span> <span class='ocrx_word' id='word_1_273' title='bbox 1030 3694 1126 3760; x_wconf 85' lang='lat' dir='ltr'>quum</span> <span class='ocrx_word' id='word_1_274' title='bbox 1148 3675 1266 3741; x_wconf 79' lang='lat' dir='ltr'>transis</span> 
     </span>
    </p>

    <p class='ocr_par' dir='ltr' id='par_1_10' title="bbox 96 3751 1265 4273">
     <span class='ocr_line' id='line_1_38' title="bbox 96 3751 1265 3860; baseline 0.003 -38"><span class='ocrx_word' id='word_1_275' title='bbox 96 3784 100 3791; x_wconf 95' lang='lat'>·</span> <span class='ocrx_word' id='word_1_276' title='bbox 150 3777 218 3822; x_wconf 92' lang='lat' dir='ltr'>non</span> <span class='ocrx_word' id='word_1_277' title='bbox 251 3765 377 3843; x_wconf 88' lang='lat' dir='ltr'>posset,</span> <span class='ocrx_word' id='word_1_278' title='bbox 412 3774 483 3819; x_wconf 90' lang='lat' dir='ltr'>eam</span> <span class='ocrx_word' id='word_1_279' title='bbox 515 3751 677 3842; x_wconf 85' lang='lat' dir='ltr'>deposuit,</span> <span class='ocrx_word' id='word_1_280' title='bbox 711 3757 894 3845; x_wconf 85' lang='lat' dir='ltr'>clavamque</span> <span class='ocrx_word' id='word_1_281' title='bbox 925 3781 997 3824; x_wconf 92' lang='lat' dir='ltr'>cum</span> <span class='ocrx_word' id='word_1_282' title='bbox 1029 3757 1156 3860; x_wconf 78' lang='lat' dir='ltr'>reliquis</span> <span class='ocrx_word' id='word_1_283' title='bbox 1188 3760 1265 3827; x_wconf 88' lang='lat' dir='ltr'>armi</span> 
     </span>
     <span class='ocr_line' id='line_1_39' title="bbox 154 3840 1264 3932; baseline 0.004 -23"><span class='ocrx_word' id='word_1_284' title='bbox 154 3863 263 3910; x_wconf 90' lang='lat' dir='ltr'>secum</span> <span class='ocrx_word' id='word_1_285' title='bbox 294 3840 480 3917; x_wconf 84' lang='lat' dir='ltr'>transvexit,</span> <span class='ocrx_word' id='word_1_286' title='bbox 513 3851 548 3905; x_wconf 91' lang='lat' dir='ltr'>ut</span> <span class='ocrx_word' id='word_1_287' title='bbox 577 3852 649 3928; x_wconf 89' lang='lat' dir='ltr'>post</span> <span class='ocrx_word' id='word_1_288' title='bbox 676 3854 867 3919; x_wconf 85' lang='lat' dir='ltr'>exoneratus</span> <span class='ocrx_word' id='word_1_289' title='bbox 894 3866 965 3909; x_wconf 91' lang='lat' dir='ltr'>eam</span> <span class='ocrx_word' id='word_1_290' title='bbox 993 3842 1141 3932; x_wconf 79' lang='lat' dir='ltr'>expedito</span> <span class='ocrx_word' id='word_1_291' title='bbox 1168 3843 1264 3913; x_wconf 85' lang='lat' dir='ltr'>lerret</span> 
     </span>
     <span class='ocr_line' id='line_1_40' title="bbox 155 3923 1262 4018; baseline 0.004 -25"><span class='ocrx_word' id='word_1_292' title='bbox 155 3940 189 3995; x_wconf 90' lang='lat' dir='ltr'>et</span> <span class='ocrx_word' id='word_1_293' title='bbox 215 3927 337 3992; x_wconf 88' lang='lat' dir='ltr'>interim</span> <span class='ocrx_word' id='word_1_294' title='bbox 365 3946 436 3989; x_wconf 88' lang='lat' dir='ltr'>eam</span> <span class='ocrx_word' id='word_1_295' title='bbox 463 3923 567 3990; x_wconf 86' lang='lat' dir='ltr'>Nesso</span> <span class='ocrx_word' id='word_1_296' title='bbox 594 3927 756 3994; x_wconf 89' lang='lat' dir='ltr'>Centauro</span> <span class='ocrx_word' id='word_1_297' title='bbox 785 3929 1024 3996; x_wconf 89' lang='lat' dir='ltr'>commendavit.</span> <span class='ocrx_word' id='word_1_298' title='bbox 1066 3929 1173 4004; x_wconf 82' lang='lat' dir='ltr'>Quum</span> <span class='ocrx_word' id='word_1_299' title='bbox 1201 3954 1262 4018; x_wconf 81' lang='lat' dir='ltr'>erg</span> 
     </span>
     <span class='ocr_line' id='line_1_41' title="bbox 112 4009 1261 4096; baseline 0.004 -16"><span class='ocrx_word' id='word_1_300' title='bbox 112 4012 198 4088; x_wconf 74' lang='lat' dir='ltr'>eoad</span> <span class='ocrx_word' id='word_1_301' title='bbox 213 4010 299 4093; x_wconf 47' lang='lat' dir='ltr'>‚illam</span> <span class='ocrx_word' id='word_1_302' title='bbox 317 4009 595 4096; x_wconf 89' lang='lat' dir='ltr'>transportandam</span> <span class='ocrx_word' id='word_1_303' title='bbox 614 4011 703 4080; x_wconf 87' lang='lat' dir='ltr'>vellet</span> <span class='ocrx_word' id='word_1_304' title='bbox 725 4016 855 4095; x_wconf 87' lang='lat' dir='ltr'>reverti,</span> <span class='ocrx_word' id='word_1_305' title='bbox 887 4014 962 4082; x_wconf 87' lang='lat' dir='ltr'>vidit</span> <span class='ocrx_word' id='word_1_306' title='bbox 984 4013 1122 4081; x_wconf 91' lang='lat' dir='ltr'>eundem</span> <span class='ocrx_word' id='word_1_307' title='bbox 1144 4014 1261 4085; x_wconf 78' lang='lat' dir='ltr'>Nessa</span> 
     </span>
     <span class='ocr_line' id='line_1_42' title="bbox 156 4096 1260 4189; baseline 0.005 -24"><span class='ocrx_word' id='word_1_308' title='bbox 156 4101 353 4165; x_wconf 88' lang='lat' dir='ltr'>Centaurum</span> <span class='ocrx_word' id='word_1_309' title='bbox 372 4118 443 4161; x_wconf 92' lang='lat' dir='ltr'>cum</span> <span class='ocrx_word' id='word_1_310' title='bbox 466 4117 505 4160; x_wconf 87' lang='lat' dir='ltr'>ea</span> <span class='ocrx_word' id='word_1_311' title='bbox 523 4114 592 4161; x_wconf 85' lang='lat' dir='ltr'>rem</span> <span class='ocrx_word' id='word_1_312' title='bbox 614 4096 741 4165; x_wconf 86' lang='lat' dir='ltr'>babere.</span> <span class='ocrx_word' id='word_1_313' title='bbox 783 4100 924 4166; x_wconf 82' lang='lat' dir='ltr'>Ferreus</span> <span class='ocrx_word' id='word_1_314' title='bbox 956 4101 1055 4189; x_wconf 82' lang='lat' dir='ltr'>igitur</span> <span class='ocrx_word' id='word_1_315' title='bbox 1074 4100 1137 4177; x_wconf 90' lang='lat' dir='ltr'>ira,</span> <span class='ocrx_word' id='word_1_316' title='bbox 1168 4103 1260 4170; x_wconf 72' lang='lat' dir='ltr'>emma</span> 
     </span>
     <span class='ocr_line' id='line_1_43' title="bbox 155 4179 1259 4273; baseline 0.002 -20"><span class='ocrx_word' id='word_1_317' title='bbox 155 4184 272 4272; x_wconf 84' lang='lat' dir='ltr'>sagitta</span> <span class='ocrx_word' id='word_1_318' title='bbox 294 4182 442 4261; x_wconf 84' lang='lat' dir='ltr'>toxicata,</span> <span class='ocrx_word' id='word_1_319' title='bbox 465 4180 635 4254; x_wconf 71' lang='lat' dir='ltr'>numeravit</span> <span class='ocrx_word' id='word_1_320' title='bbox 654 4205 745 4266; x_wconf 84' lang='lat' dir='ltr'>eum3</span> <span class='ocrx_word' id='word_1_321' title='bbox 767 4179 856 4273; x_wconf 87' lang='lat' dir='ltr'>cujus</span> <span class='ocrx_word' id='word_1_322' title='bbox 878 4208 974 4254; x_wconf 90' lang='lat' dir='ltr'>cruor</span> <span class='ocrx_word' id='word_1_323' title='bbox 995 4186 1027 4253; x_wconf 95' lang='lat' dir='ltr'>in</span> <span class='ocrx_word' id='word_1_324' title='bbox 1047 4206 1202 4255; x_wconf 82' lang='lat' dir='ltr'>venenum</span> <span class='ocrx_word' id='word_1_325' title='bbox 1215 4212 1259 4257; x_wconf 71' lang='lat' dir='ltr'>ret</span> 
     </span>
    </p>
   </div>
   <div class='ocr_carea' id='block_1_9' title="bbox 0 0 1346 4606">
    <p class='ocr_par' dir='ltr' id='par_1_11' title="bbox 0 0 1346 4606">
     <span class='ocr_line' id='line_1_44' title="bbox 0 0 1346 4606; baseline 0 15"><span class='ocrx_word' id='word_1_326' title='bbox 0 0 1346 4606; x_wconf 95' lang='lat' dir='ltr'> </span> 
     </span>
    </p>
   </div>
  </div>
 </body>
</html>
