2684 4606
666 836 678 863 *ο

280 996 725 1082 MYTHOGRAPHUS
767 993 1008 1074 TERTIUS.

159 1302 161 1313 ,
242 1248 299 1315 Do
329 1249 401 1316 diis
427 1232 592 1338 ¹gentium
622 1260 658 1316 et
686 1247 829 1315 illorum
853 1220 1048 1335 allegoriis.

501 1553 799 1626 Prooemium.

147 1677 240 1750 *Fuit
277 1681 310 1747 in
340 1680 490 1782 Aegypto
525 1678 573 1745 nir
609 1677 800 1759 ditissimus,
839 1677 966 1747 nomine
1003 1677 1222 1770 Sycophanes.

53 1765 145 1833 ⁵-llio
162 1766 272 1833 habuit
287 1763 383 1832 filium
399 1763 607 1851 umgenitum,
629 1788 724 1853 quem
741 1763 911 1837 immodice
925 1764 1089 1852 diligebat.
1133 1768 1223 1833 Gon-

78 1855 150 1940 tigit
171 1852 267 1918 silium
289 1853 378 1917 mori.
405 1850 486 1937 Ejus
507 1849 709 1916 simulacrum
730 1865 823 2000 pater
840 1872 918 1936 prae
931 1852 1028 1936 nimio
1044 1851 1222 1919 dilectionis

80 1941 196 2005 allecto
219 1938 250 2003 in
274 1936 407 2003 aedibus
429 1937 494 2002 suis
517 1935 695 2016 constitnit3
754 1957 871 2023 nmque
900 1937 1046 2005 tristitiae
1067 1938 1224 2027 quaesi-rit

55 2024 271 2100 ,remedium
301 2023 501 2088 seminarium
523 2018 628 2108 potius
653 2019 770 2088 doloris
790 2020 916 2090 invenit
958 2023 1107 2112 Denique
1127 2024 1224 2090 simu·

65 2111 201 2175 lacrum
221 2107 295 2177 illud
319 2110 453 2177 ei'dtoior
482 2105 602 2173 dictum
628 2119 695 2185 est,
731 2105 818 2194 quod
849 2128 907 2175 nos
929 2108 1047 2174 Latine
1075 2110 1225 2197 speeiem

40 2205 74 2249 1⁰
86 2195 215 2259 doloris
246 2193 388 2258 dicimus.
432 2193 568 2277 Jamque
593 2192 740 2260 universa
767 2192 886 2258 domini
908 2195 1025 2260 familia
1045 2193 1077 2259 in
1105 2193 1225 2259 domini

81 2280 293 2347 adulationem
316 2302 451 2344 coronas
481 2277 649 2344 simulacro
679 2278 876 2366 plectebant,
912 2282 1010 2347 flores
1033 2281 1224 2359 offerebant,
1280 2318 1283 2325 ·

83 2363 1225 2452 odoramentasuccendebant.Reietiamadsimulacrumconsugientes‚

83 2453 205 2518 veniam
228 2476 247 2517 a
273 2451 401 2516 domino
423 2450 531 2539 adepti
561 2461 651 2530 sunt,
685 2450 824 2518 venerati
847 2474 889 2515 ue
916 2462 990 2519 sunt
1017 2450 1092 2517 illud
1121 2450 1225 2538 magis
1280 2496 1283 2503 -

84 2534 205 2606 timoris
228 2537 345 2604 all'eotu
367 2560 463 2623 quam
484 2537 617 2621 amorip3
654 2538 739 2601 unde
768 2549 801 2604 et
823 2474 944 2605 iliatam
972 2548 1044 2623 ests
1078 2537 1226 2602 Primus
1277 2536 1281 2543 '

43 2625 124 2686 mm
140 2621 227 2687 ‘orbe
248 2623 327 2686 deos
352 2620 445 2710 Jeoit
471 2621 586 2686 timor.
635 2620 761 2687 Exhinc
788 2623 981 2690 inveteratus
1003 2644 1094 2688 error
1114 2621 1226 2687 huma·
1284 2660 1287 2673 ·

65 2718 143 2774 'irtus
165 2710 196 2774 in
227 2707 384 2774 idolorum
406 2705 492 2772 cultu
514 2707 633 2795 ubique
664 2707 809 2794 gentium
837 2710 943 2797 coepit
968 2707 1112 2775 dillundi.
1155 2706 1228 2773 Nec
1275 2720 1287 2739 '·

84 2809 190 2861 tannen
225 2794 387 2859 universos
418 2790 533 2858 eadem
561 2790 687 2860 involvit
714 2793 853 2870 inscitia,
894 2817 954 2861 nec
983 2794 1115 2861 eosdem
1148 2793 1244 2873 ritusg

86 2881 206 2944 cuncti·
222 2876 422 2965 recipiendos
461 2887 663 2943 censuerunt.
721 2877 804 2944 Nem
842 2879 1037 2970 philosophi,
1092 2900 1228 2967 quorum
1271 2946 1274 2953 ,

84 2968 115 3029 in
150 2964 307 3052 plerisque
336 2963 383 3051 vel
415 2962 552 3029 veritatis
583 2963 664 3029 viam
692 2963 740 3029 vel
768 2963 901 3033 rationis
924 2968 1134 3033 assertionem
1165 2976 1229 3032 tro·
1278 3016 1282 3025 .

44 3052 168 3116 scilicit
190 3050 382 3128 auotoritas,
412 3070 510 3115 unum
531 3045 642 3114 dicunt
661 3047 757 3114 deum
778 3072 867 3132 esse,
895 3052 974 3118 caeli
998 3064 1031 3118 et
1050 3065 1158 3119 terrae
1178 3070 1229 3116 re·
1274 3102 1277 3109 .

88 3158 223 3224 ttunque
242 3136 381 3202 omnium
402 3131 513 3222 procul
535 3131 633 3201 dubio
655 3145 843 3203 creatorem.
890 3137 957 3204 Hic
986 3149 1091 3205 tamen
1114 3138 1156 3203 nb
1175 3135 1230 3203 iis·
1268 3172 1287 3213 ,a

90 3223 163 3287 dem
185 3242 244 3310 pro
273 3219 434 3309 multiplici
465 3218 688 3306 dispositione,
730 3243 792 3308 qua
820 3222 950 3289 diversis
979 3222 1082 3290 modis
1106 3219 1231 3311 regitur
1280 3224 1287 3285 “.

89 3308 243 3388 mundus,
272 3307 364 3372 variis
390 3307 466 3374 item
486 3305 645 3371 vocabulis
675 3307 858 3394 appellatur.
908 3308 1034 3375 Dicitur
1063 3308 1148 3375 eninr
1176 3305 1230 3375 Vi·

91 3411 236 3473 tumnus,
258 3393 345 3480 quod
365 3393 477 3456 vitam
498 3403 656 3478 praestet;
677 3394 955 3481 Sentinus,quod
976 3394 1145 3458 seusurn.'
1166 3394 1230 3460 Vo·
1260 3398 1277 3479 ’μ

47 3492 185 3547 ‘necamur'
203 3482 290 3546 Joris
310 3480 374 3544 sive
395 3476 542 3564 Juppiter
563 3478 764 3559 in‚aethere,
794 3481 878 3546 Juno
899 3480 931 3545 in
953 3485 1045 3558 edre,
1073 3479 1180 3557 Diana
1199 3478 1232 3543 in
1267 3496 1279 3567 ’ξ

92 3584 198 3647 Ιιιϊιέη
227 3566 388 3651 multaque
415 3574 489 3629 sunt
511 3562 570 3628 alia
600 3563 740 3652 ejusdem
765 3562 816 3630 dei
844 3578 1005 3653 tamquam
1027 3564 1232 3651 plurimorum
1258 3618 1287 3683 ἡ..

93 3653 256 3719 voeabula.
313 3652 507 3736 Plerumque
531 3661 566 3717 et
593 3673 674 3715 unus
702 3649 850 3737 idemque
878 3674 941 3715 non
971 3649 1072 3717 solum
1102 3649 1232 3716 diversis
1251 3666 1287 3735 ᾗς,

95 3741 291 3823 inmunibus,
315 3737 373 3804 sed
395 3748 427 3821 et
449 3734 534 3801 vario
557 3758 636 3801 sexu
656 3734 771 3801 dicitur
787 3737 880 3827 juxta
900 3737 967 3804 illos
988 3758 1096 3803 versus
1116 3734 1234 3817 Valerii
1244 3726 1287 3881 1

1250 3866 1280 3953 ii

1254 3986 1285 4137 l

96 3825 245 3890 Serrani:

51 3935 87 3981 ³⁰
180 3925 346 4011 luppiter
367 3923 601 4019 omrripotens,
631 3943 747 3987 rernm
769 3947 958 4013 regumque
978 3934 1143 4011 repertor,

185 4010 416 4095 Pregeuitor‚
434 4007 662 4098 gettstrixqtse
684 4006 803 4090 decim,
823 4009 907 4075 detto
929 4034 1021 4076 ortuo
1042 4020 1076 4074 et
1099 4008 1202 4075 idem.

95 4108 191 4178 Unde
211 4123 264 4181 ,ost
287 4122 318 4176 et
339 4112 390 4179 illa
410 4108 497 4178 Jovis
520 4108 637 4176 oratio:
682 4088 708 4137 ⁰
797 4134 801 4143 ·
991 4104 1000 4135 ’
1197 4124 1200 4129 -

184 4210 393 4288 Caelicolae,
429 4236 507 4279 mea
527 4207 697 4294 membro,
732 4208 802 4292 dii,
835 4234 917 4302 quos
939 4223 1059 4279 nostra
1076 4224 1234 4301 potestas
1266 4228 1273 4239 “

183 4296 319 4388 Officiis
342 4298 481 4365 diversa
495 4295 605 4385 jacit.
