2684 4606
332 58 527 232 ,uvam
559 130 610 203 ιι.
666 125 921 205 ιιι-ιιι.
1115 122 1209 211 ιιι

64 317 251 405 Meleager,
273 319 304 383 in
326 340 361 384 se
379 294 555 385 venientem
577 318 680 386 leram
704 291 884 406 excipient,
918 316 1096 399 interemit,
1131 342 1213 409 gra·-

65 417 182 494 tesque
202 405 325 493 puellae
346 406 428 484 inter
448 405 531 471 viroa
559 402 688 486 retulit;
723 403 880 493 siquidem
907 403 1028 472 virtutis
1055 427 1209 477 sacceam

65 491 224 594 enitenti,
254 503 570 594 recompensaturus,
602 490 715 593 pellem
746 490 877 558 monstri
893 489 987 557 ‘nlius
1010 508 1082 559 cum
1104 495 1209 649 cap?
1325 554 1328 560 .

66 600 129 666 iper
149 575 241 645 dedrt
260 599 292 642 ιιι
313 589 526 645 testimonium
546 575 661 643 laudis.
704 575 799 652 Quae
826 586 860 644 et
888 576 1066 644 abeodem
1088 578 1143 645 Me
1192 610 1231 633 -¹

65 685 131 751 gro
153 663 186 729 in
209 664 361 731 comitatu
384 663 509 764 Dianae
532 684 733 765 compressa,
761 684 896 751 puerum
923 663 1061 765 nomine·
1075 663 1233 735 Partho-a

63 768 227 837 nopaenm
248 749 364 829 edidit,
396 772 450 836 qur
471 761 586 837 postca
611 771 644 817 ιιι
665 749 825 816 Thebano
853 749 981 837 proelio
995 749 1115 838 partit,
1139 750 1208 819 Sed
1304 810 1307 817 .

63 837 214 902 Atalanta
241 835 295 902 tali
327 857 459 901 munere
479 838 654 916 coronata,
684 833 857 923 Plexippua
876 845 909 901 et
929 839 1078 922 Agenor,
1110 860 1209 905 avun-
1236 891 1240 898 .

63 921 126 986 culi
146 920 323 1009 Meleagri,
342 920 516 1008 indignati,
536 921 691 1009 virginem
711 920 772 989 eibi
793 919 967 1009 praelatam
989 920 1105 1000 fuisse,
1136 946 1207 991 eam

65 1005 490 1167 illailloeilnililntoaitilldrllrl
491 1018 594 1160 ulilani
605 1005 786 1159 Iratuslali1
788 1005 1151 1162 pffipept,impegppppa
1163 1012 1228 1166 ibt

64 1181 183 1248 amison
205 1180 326 1246 affectu
346 1189 498 1245 materno.
551 1115 821 1264 Maiil'namque
842 1177 910 1268 ejus
969 1178 1049 1247 thee.
1064 1180 1132 1247 titio
1152 1110 1207 1249 ξιξ
1229 1121 1255 1263 ⁰,

66 1265 199 1367 occulte
217 1277 378 1366 servatum
393 1264 527 1368 'halpuit,
558 1265 628 1368 qui·
642 1262 810 1362 Meleagro
836 1274 912 1362 nato
933 1264 967 1330 in
987 1263 1081 1364 regia
1100 1203 1206 1367 aulvito
1269 1292 1285 1301 ··

54 1366 248 1522 §little
273 1349 1092 1501 ⁶³“estitit,ttttztttttttt‘Hit
1105 1364 1208 1506 ,tit
1284 1440 1305 1471 ·-

62 1522 146 1589 irata
190 1460 324 1608 ignilvni
361 1521 487 1602 mersit,
539 1546 555 1589 a
599 1521 810 1622 uentibusque
851 1518 906 1584 filii
949 1517 1022 1622 latia
1064 1502 1202 1592 eitinxit
1211 1530 1246 1579 15

63 1608 189 1676 Postea
210 1630 308 1696 quum
331 1607 502 1674 admissum
530 1628 622 1672 neas
652 1617 802 1694 agnovit,
830 1603 945 1693 laqueo
973 1619 1068 1672 rrtam
1095 1609 1203 1677 linivit

53 1692 188 1762 'Secuta
214 1706 265 1760 eat
284 1693 404 1760 luctum
426 1694 486 1761 alia
507 1692 678 1761 calamitae.
720 1691 870 1780 Namque
896 1689 1053 1781 Meleagri
1073 1715 1203 1782 germa-

62 1800 125 1847 nae
146 1782 179 1847 in
200 1789 324 1846 tantum
348 1779 478 1847 fratrem
506 1781 683 1857 fleverunt,
714 1787 751 1844 ut
778 1775 913 1844 deorum
941 1778 1144 1850 miseratione
1164 1782 1203 1848 'in

61 1889 138 1935 uvea
161 1876 380 1947 verterentur,
402 1888 486 1955 quae
506 1865 604 1933 hodie
624 1862 862 1953 Meleagridea
881 1862 1046 1932 vocantur.
1186 1872 1197 1895 '·

404 2058 499 2134 145.
553 2057 860 2168 Harpalyce.
1207 2088 1245 2137 ao

144 2187 333 2276 Harpalyce
349 2198 485 2290 patrem,
497 2208 625 2265 senem,
646 2196 774 2274 captum
797 2208 816 2250 a
838 2187 984 2269 Graecis,
1004 2186 1204 2290 multitudine

60 2273 195 2341 collecta
231 2272 373 2342 liberavit
409 2273 561 2352 celerius,
601 2292 697 2360 quam
734 2271 776 2336 de
811 2270 929 2341 semina
968 2284 1076 2364 potest
1103 2274 1201 2341 creda.

58 2360 155 2428 Unde
177 2370 211 2428 et
231 2361 362 2428 flumina
383 2358 499 2427 dicitnr
519 2358 681 2425 celeritate
701 2356 847 2424 transire.

415 2512 508 2601 lad.
563 2476 871 2614 Oenomaus:
923 2489 926 2495 ι

40 2732 44 2738 ,
144 2656 333 2724 Oenomaus
354 2675 412 2722 ren
433 2653 493 2722 luit
512 2652 614 2722 Elidis
636 2666 670 2723 et
698 2653 858 2722 Pisarum.
907 2653 975 2722 Hic
1007 2677 1108 2746 equor
1141 2656 1242 2731 lna-aa

59 2743 130 2811 buit
146 2741 383 2821 velocissimos,
404 2752 518 2829 utpote
539 2754 704 2833 ventorum
725 2743 807 2809 flatu
827 2752 1033 2829 procreatoa3
1051 2745 1106 2832 qui
1126 2767 1202 2848 pro-

60 2853 117 2899 coa
139 2828 224 2897 filiae
244 2827 482 2917 Hippodamiae
512 2828 627 2897 multos
659 2828 801 2909 necavit,
839 2825 899 2893 sub
928 2829 992 2895 hac
1020 2830 1203 2898 conditione
1300 2880 1303 2895 .

59 2915 102 2983 ad
124 2915 237 2982 curule
258 2927 421 2987 certamen
464 2927 650 2996 rovocatoa,
671 2926 709 2983 ut
729 2925 786 2981 aut
806 2910 907 2981 victus
931 2912 1075 2984 traderet
1094 2916 1201 3000 filiam,

59 3013 115 3071 aut
134 3002 237 3071 victos
259 3010 399 3067 necaret
479 3012 571 3068 ostea
598 3022 696 3090 quum
724 2999 896 3086 Pelopem,
934 3001 1063 3069 Tantali
1092 3003 1201 3086 filium,

55 3091 111 3178 qni
129 3082 224 3176 aptos
256 3085 357 3153 curuli
386 3085 551 3153 certamini
579 3109 680 3191 equos
708 3101 898 3175 acceperat,
932 3108 1069 3174 quorum
1104 3108 1243 3158 curenno
1330 3112 1333 3125 ·

56 3197 171 3243 ornnes
207 3173 360 3251 anteiret,
406 3183 545 3240 amasset
575 3170 813 3262 Hippodamia,
857 3173 1000 3262 corrupit
1028 3172 1201 3265 Myrtilum,

56 3262 204 3364 aurigam
233 3259 351 3350 patrie,
390 3257 482 3344 primi
511 3259 626 3327 amoris
656 3259 815 3348 pactione.
868 3257 933 3334 Qui
963 3258 1056 3329 laetis
1088 3263 1201 3336 axibnt

56 3369 161 3413 cerens
181 3366 298 3434 quum,
333 3343 453 3410 victore
472 3345 615 3434 Pelope,
647 3369 668 3412 a
697 3345 801 3433 puella
829 3345 1019 3431 promissum
1049 3359 1214 3434 posceret.

54 3431 250 3522 praemium,
269 3431 311 3498 ab
333 3428 402 3519 ejus
431 3432 545 3498 marito
573 3431 606 3497 in
633 3453 722 3497 mare
745 3430 969 3520 praecipitatus
992 3441 1061 3511 est,
1094 3434 1146 3504 cui
1167 3446 1201 3503 et
1231 3468 1234 3473 ·

52 3540 173 3588 nomen
194 3516 360 3608 imposuit:
380 3537 453 3584 nam
476 3518 517 3583 ab
539 3540 579 3585 eo
602 3519 782 3607 Myrtoum
804 3516 921 3585 dicitur
939 3515 1086 3607 pelagua.
1205 3537 1241 3588 aa

415 3701 510 3777 147.
563 3703 841 3782 Mercurium

138 3831 340 3914 Mercurius,
362 3852 464 3920 aegre
484 3824 608 3914 serena,
636 3854 658 3898 a
676 3830 819 3920 Pelope,
844 3831 972 3900 Tantali
992 3832 1078 3913 lilio,
1096 3833 1198 3922 ,lllyrss

53 3918 181 4001 tilum,
203 3917 301 3985 lilium
332 3940 445 3999 anum,
477 3919 510 3984 in
538 3920 674 4007 pelagus
703 3917 947 4007 praecipitatum
965 3919 1199 4008 spoliatumque

12 4080 18 4091 ,
55 4005 170 4073 vitael
214 4027 290 4085 e,r
354 4005 415 4074 erit
434 4005 621 4087 vindictam,
652 4026 736 4093 quae
755 4003 974 4074 consolaretur
993 4005 1091 4094 patria
1111 4006 1206 4070 orbi-'

54 4101 161 4159 tatem
238 4114 291 4160 am
341 4091 441 4180 elopia
462 4091 543 4172 liliis,
564 4096 662 4159 Atreo
683 4087 803 4158 scilieet
822 4100 856 4157 et
874 4091 1051 4181 Thyestae,
1076 4103 1240 4160 tantumao

16 4229 25 4245 .
56 4175 237 4248 diroordiae
257 4174 382 4267 injecit,
416 4189 454 4247 ut
480 4176 700 4266 germanitatis
726 4176 798 4266 jura
823 4176 985 4249 violarent
1036 4176 1197 4267 Thyora

10 4352 22 4527 Ι
115 4424 139 4445 nl
