2684 4606
41 230 44 235 .
141 173 193 249 ro
303 144 306 149 ’
386 175 390 182 ’
467 171 659 274 nepum.
687 171 720 244 1.
776 171 844 249 aa.
871 170 942 246 aa.

140 361 309 428 ductorem
329 358 427 427 dedit.
473 360 550 425 Hoc
571 381 653 447 ergo
677 359 841 460 beneficio¹
851 361 945 429 illecti
967 361 1193 448 Argonautae,
1219 361 1286 427 Ze-

139 460 194 515 ten
217 460 250 514 et
270 447 402 528 Calain,
424 444 505 513 filios
526 447 656 512 Boreae
677 458 710 512 et
729 447 912 537 Orithyiae,
942 446 1042 514 alatos
1060 448 1212 536 juvenes,
1241 449 1287 516 ad

140 533 302 622 pellendas
323 533 485 620 Harpyias
506 532 670 599 miserunt.
702 532 794 607 Quas
815 557 913 622 quum
935 534 1052 602 strictis
1072 534 1188 622 gladiis
1210 558 1287 622 per,

143 630 365 707 sequerentur
378 621 483 707 pulsas
503 617 550 682 de
568 617 731 698 Arcadia,¹
744 633 959 709 pervenerunt
979 619 1021 685 ad
1041 620 1178 700 insulas,
1200 608 1288 709 quad

117 707 383 794 cappellabantur
413 704 536 770 Plotae.
579 704 625 771 Et
653 727 750 792 quum
775 706 906 774 ulterius
927 706 1041 773 vellent
1062 706 1215 787 tendere,
1243 711 1286 775 ab

140 792 228 858 Iride
256 793 383 872 moniti,
417 801 452 856 ut
472 789 666 875 desisterent
687 815 708 857 a
728 793 816 859 Jovis
840 794 989 870 canibus,
1019 815 1095 862 suos
1117 807 1287 873 converte-

140 891 217 944 runt
233 877 371 945 volatus:
392 896 528 964 quorum
549 878 723 956 conversio,
744 878 778 944 id
799 891 849 947 est
868 875 1013 968 στροφὴ,
1037 900 1151 945 nomen
1175 879 1301 947 insuli's¹

142 963 240 1030 dedit.
292 965 338 1031 Ut
369 975 475 1029 autem
503 983 599 1027 canes
634 962 722 1029 Jovis
755 964 954 1040 dicerentur,
991 963 1073 1037 baec
1103 965 1186 1032 ratio
1225 978 1288 1048 est,

142 1052 217 1138 quia
237 1052 327 1138 ipsae
348 1048 482 1113 Furiae
504 1047 662 1113 dicuntur.
705 1049 803 1116 Unde
824 1066 857 1118 et
873 1052 959 1117 avari
979 1050 1022 1114 fin
1052 1062 1146 1117 untur
1165 1051 1285 1118 Furias

29 1176 33 1181 -
97 1138 217 1224 repeti,
238 1137 313 1224 quia
332 1134 490 1201 abstinent
534 1133 620 1200 artis.
664 1134 752 1202 Sane
771 1137 858 1226 apud
878 1137 998 1203 inferos
1051 1137 1151 1200 uriae
1173 1136 1288 1204 dicun·

141 1237 193 1289 tur
223 1236 256 1288 et
284 1243 405 1299 canes,
436 1155 531 1306 apud
546 1240 680 1371 superos
701 1220 803 1288 dirae
823 1234 856 1291 et
875 1247 977 1289 avae.-
1008 1221 1042 1286 in
1068 1221 1175 1288 medio
1208 1245 1285 1291 vero

141 1306 328 1396 Harpyiae
348 1304 515 1389 dicuntur;
536 1327 580 1370 un
604 1329 623 1371 e
643 1304 762 1394 duplex
777 1299 814 1377 in
837 1309 885 1376 bis
904 1307 1061 1375 invenitur
1082 1307 1222 1397 effigies.

424 1580 493 1658 28.
547 1583 755 1658 Leander
789 1592 830 1655 et
861 1582 999 1656 Hero.

229 1737 341 1803 Sestus
371 1747 406 1803 et
431 1736 564 1827 Abydus
593 1739 690 1804 urbes
719 1736 842 1802 vicinae
870 1747 977 1815 erant,
1009 1748 1043 1804 et
1073 1736 1293 1805 interfluentis

97 1821 238 1898 1⁴5maris
259 1835 330 1890 arto
359 1820 487 1890 divisae.
537 1824 612 1890 Una
646 1845 757 1889 earum
787 1821 922 1891 celebris
953 1822 1057 1890 extitit
1085 1845 1145 1914 per
1171 1824 1287 1891 ,Lean-

141 1907 252 1984 drum,
282 1908 529 1996 pulcherrimum
547 1909 716 1999 juvenem3
748 1907 847 1975 olte'ra
874 1930 933 1997 per
960 1909 1072 1990 Hero,
1110 1908 1288 1997 pulcherri-

139 2016 226 2062 mam
248 1995 431 2079 mulierem3
452 1997 566 2084 quibus
590 1995 787 2075 absentibus,
811 2015 902 2060 amor
922 1994 993 2062 imis
1015 1997 1175 2067 concaluit
1194 2019 1288 2063 men-

140 2081 234 2147 tibus.
277 2081 409 2147 Juvenis
430 2093 555 2161 autem,
576 2081 741 2169 impatiens
760 2080 968 2169 ignis,‘omni
989 2081 1085 2147 modo
1107 2084 1290 2171 quaerebat

142 2166 336 2234 obtinendae
363 2167 494 2255 virginis
523 2170 658 2257 copiam.
701 2165 769 2234 Sed
801 2167 890 2232 nullo
907 2166 950 2234 ad
970 2167 1062 2233 Hero
1084 2180 1173 2235 terra
1193 2168 1288 2237 aditu

99 2252 288 2333 enimenta,
311 2252 403 2329 simul
424 2255 531 2321 calore
550 2267 585 2320 et
606 2253 742 2321 andacia
761 2253 933 2340 impulsus,
962 2265 1115 2342 seponto
1134 2255 1287 2337 tradidit3

17 2340 24 2383 ἶ
141 2339 253 2428 sicque
280 2338 422 2406 natando
443 2341 585 2429 singulas
608 2353 719 2408 noctes
742 2340 876 2426 puellam
899 2337 992 2418 adiit,
1022 2340 1130 2406 oblato
1158 2364 1198 2407 ex
1226 2342 1286 2409 ad-

141 2445 235 2491 uerso
257 2427 353 2492 turris
374 2426 508 2508 lumine,
538 2421 662 2516 puellae
684 2426 808 2506 studio,
840 2448 904 2514 quo
931 2436 1122 2492 nocturnum
1150 2427 1214 2493 iter
1243 2427 1286 2494 ad

142 2532 215 2576 cam
236 2510 379 2599 dirigere
399 2525 519 2600 posset.
558 2513 706 2589 Quadam
729 2534 804 2577 vcro
826 2524 921 2578 nocte
942 2534 1040 2596 quum
1063 2513 1168 2578 nerins
1192 2512 1284 2582 solito

125 2596 308 2673 „imminens
330 2611 442 2666 ventus
463 2599 599 2667 faculam
622 2597 995 2683 extingueret,.errando
1016 2611 1050 2665 et
1069 2599 1198 2678 inscius,
1219 2624 1282 2689 quo

101 2701 272 2750 aecursum
293 2697 437 2763 teneret,
467 2686 572 2754 nando
600 2685 724 2751 interiit
769 2683 880 2774 Orrjus
895 2705 1013 2770 eorpus
1057 2707 1131 2750 uum
1153 2699 1280 2774 postero

100 2803 102 2809 ν
143 2767 197 2834 die
217 2770 355 2859 ejectum
376 2773 407 2835 in
427 2771 518 2839 litore
539 2772 689 2837 tlnotibus
710 2769 801 2834 Hero
823 2769 971 2843 vidisset,
1002 2708 1114 2836 ddlorc
1134 2772 1279 2843 instincta

143 2877 164 2919 a
192 2857 328 2922 culmine
357 2853 482 2926 cecidit.
533 2857 590 2922 Sic
617 2878 688 2921 cum
718 2876 783 2942 quo
813 2857 925 2923 sortita
954 2855 1013 2922 luit
1038 2868 1164 2945 partem
1194 2882 1277 2927 mun·

143 2941 248 3008 danae
282 2942 465 3030 voluptatis,
506 2964 578 3035 eum
620 2964 660 3007 eo
691 2951 723 3008 et
758 2941 898 3030 pertulit·
915 2940 1067 3012 damnum
1100 2947 1276 3015 mortiferas

22 3044 32 3066 ’
143 3029 335 3097 acerbitatis.

102 3329 140 3378 30
445 3291 514 3369 29.
569 3292 756 3368 Cleobis
791 3305 835 3367 et
869 3295 987 3368 Bito.

231 3452 339 3525 Quum
359 3471 428 3515 mos
453 3461 555 3529 esset,
584 3449 732 3536 Argivum
754 3447 956 3517 sacerdotem
976 3450 1091 3518 innotis
1113 3453 1218 3522 bubus
1240 3456 1268 3525 ir

146 3534 188 3603 ad
218 3535 335 3623 templa
361 3536 512 3619 lunonis,
542 3548 576 3603 et
605 3534 744 3603 sollemni
775 3534 828 3599 die
861 3558 925 3601 non
951 3525 1167 3607 invenirentur
1188 3543 1267 3609 bove

148 3622 345 3710 (pestilentia
375 3623 475 3703 enim,
520 3646 604 3711 quae
636 3643 693 3707 per
726 3621 861 3688 Atticam
894 3623 1079 3703 transierat,
1125 3628 1266 3697 universa

147 3707 395 3793 consumserat),
424 3708 489 3775 duo
511 3706 688 3775 sacerdotis
709 3705 780 3787 filii,
810 3707 941 3773 Cleobis
964 3722 997 3777 et
1018 3711 1110 3793 Bito,
1140 3725 1265 3785 matreu

105 3796 322 3863 ae‘subeuntes
344 3794 447 3884 jugo,
483 3794 526 3860 ad
555 3793 673 3883 templa
704 3790 837 3859 duxere.
893 3795 981 3862 Tum
1007 3796 1110 3879 June,
1145 3803 1263 3889 proban

146 3903 257 3947 corum
276 3880 480 3966 religionem,
511 3880 624 3949 obtulit
649 3880 761 3959 matri,
790 3891 843 3959 ot,
875 3880 964 3970 quod
995 3883 1102 3964 vellet,
1137 3909 1262 3974 poscet«

145 3967 226 4031 filiis.
257 3965 314 4030 Illa
326 3968 379 4053 pia
392 3969 599 4056 responsione
614 3968 668 4047 ait,
697 3978 742 4047 ut,
763 3965 853 4051 quod
874 3968 974 4035 sciret-
993 3966 1054 4037 dea
1075 3972 1152 4038 utile
1167 3982 1260 4041 morti

145 4051 245 4129 libus,
280 4051 350 4139 ipsa
378 4065 563 4140 praestaret
606 4055 712 4122 Altero
741 4052 850 4140 itaque
876 4052 930 4120 die
955 4055 1134 4125 sacerdotis
1152 4059 1259 4148 jurent

146 4137 268 4225 reperti
289 4150 364 4238 sont
383 4140 509 4210 mortni.
551 4141 602 4211 Ex
624 4161 688 4232 quo
710 4139 881 4229 probatum
903 4150 971 4223 est,
992 4141 1068 4210 nibil
1091 4168 1163 4214 esse
1184 4168 1258 4215 mor

104 4243 140 4294 to
149 4233 367 4311 praestantius.
1024 4276 1027 4281 -
1148 4280 1152 4287 ‚
