2692 4606
307 118 495 291 murga.
515 184 589 259 ru.
617 188 629 271 χ
645 164 706 259 u.
760 183 959 263 as-as.
1075 288 1089 313 ,
1128 182 1209 263 aar

62 365 101 430 ln
116 366 328 459 generatione
342 364 441 452 igitur
456 357 590 432 ho‘minis
606 365 699 434 adeat
714 367 830 435 Peleus
842 379 876 436 ut
888 380 984 446 terro,
1004 365 1038 432 id
1054 378 1103 435 est
1115 388 1208 450 oaro;

61 451 178 519 'l'hetis
190 463 226 519 nt
250 449 400 541 aqua,*id
420 463 472 518 est
491 452 623 534 humor;
643 453 801 542 Juppiter,
816 454 870 542 qni
885 466 1019 541 utraque
1034 453 1209 543 conjungit,

62 547 100 603 ut
120 537 221 627 ignis,
239 536 273 603 id
294 547 345 604 est
365 534 477 604 anima.
532 537 655 605 Ibidem
675 551 782 608 autern
813 551 877 605 tres
907 538 989 605 deae
1007 549 1208 620 concertant3

62 646 161 709 quam
189 624 286 689 vitam
312 621 396 689 enim
428 623 469 691 sit
496 622 655 691 electurus
687 624 740 713 qui
775 622 1036 710 gignitur,adhuc
1069 625 1206 710 ignorat.

148 710 202 774 22.
245 705 432 794 Philosophi
454 731 591 796 namque
623 709 813 797 tripartitam
836 712 996 781 hominurn
1019 709 1113 777 vitam
1133 708 1231 787 dsseo

66 793 254 873 voluerunt;
277 794 411 882 primam
433 794 627 873 theoricam,
662 795 835 862 secundam
857 797 1047 885 practicam,
1082 795 1208 869 tertiam

63 879 276 968 philargicam
297 878 459 959 dicentes,
492 902 572 967 quas
604 880 719 947 Latine
741 882 1035 970 contemplativam,
1064 880 1209 961 activam,

65 964 276 1054 voluptariam
298 965 528 1050 nuncupamus.
571 966 735 1033 Theorica
755 967 854 1055 igitur
878 969 944 1034 sive
965 965 1209 1057 contemplativa

68 1063 137 1132 est,
160 1073 258 1152 quam
277 1060 381 1136 agunt
401 1050 454 1136 qui
477 1050 615 1117 animum
637 1075 655 1118 a
675 1055 809 1120 terrenis
827 1055 982 1120 omnibus
1011 1051 1209 1142 suspenden-
1253 1098 1255 1104 .
1318 1078 1321 1091 ·

66 1148 136 1214 tes,
165 1136 352 1227 jugiterque
374 1136 549 1222 sapientiae
571 1159 688 1202 arcana
709 1138 952 1226 investigantes,
985 1138 1044 1204 soli
1065 1149 1252 1204 contem-to
1302 1210 1305 1215 ,

65 1221 197 1312 piationi
228 1235 351 1290 vacant
412 1222 509 1288 H'anc
537 1221 623 1310 apud
652 1245 710 1289 nos
741 1226 907 1307 monachi,
945 1222 1032 1312 apud
1062 1224 1209 1311 antiquos
1226 1216 1235 1265 ¹
1251 1230 1269 1295 ,2

67 1306 246 1397 philosophi
281 1316 508 1376 exercuerunt.
562 1307 757 1394 Hujusmodi
795 1311 877 1376 vitae
912 1321 1087 1380 sectatores
1125 1268 1235 1377 nvillc¹
1310 1309 1313 1315 ’

66 1392 302 1463 mundanorum
344 1390 538 1480 cupiditas„
568 1394 652 1460 nulla
687 1394 873 1462 iracundiae
911 1396 1048 1474 insania,
1092 1394 1210 1463 nullum
1334 1452 1337 1463 ,

66 1480 173 1546 livoris
203 1477 362 1556 toxicum,
397 1477 496 1543 nullus
534 1479 639 1565 tangit
669 1501 768 1567 vapor
798 1480 950 1564 libidinis;
989 1482 1047 1547 sed
1086 1491 1209 1547 tantum

66 1562 272 1651 indagandae
294 1565 432 1630 veritatis
453 1572 581 1629 contem
606 1562 781 1653 landaeque
795 1566 938 1655 justitiae
956 1586 1034 1632 cura
1056 1577 1251 1643 maceratio

68 1652 157 1718 sarna
181 1663 293 1730 ornat,
324 1649 426 1739 pascit
444 1671 529 1736 spes.
582 1588 738 1716 l³ractica
772 1651 822 1719 vel
846 1653 949 1719 activa
970 1662 1033 1732 est,
1073 1670 1156 1736 quae
1175 1652 1209 1716 in

67 1737 247 1804 actionibus
268 1734 470 1822 negotiisque
491 1733 652 1815 consistit,
684 1758 768 1823 quae
798 1734 841 1801 de
868 1737 950 1805 vitae
979 1747 1101 1806 tanturn
1122 1758 1211 1802 com·

68 1820 175 1889 modis
197 1834 247 1890 est
266 1821 376 1897 anxia,
396 1831 565 1886 ornatuum
586 1833 701 1909 petax,
722 1821 861 1888 habendi
881 1822 1041 1898 insatiata,
1067 1820 1209 1910 rapiendi
1292 1824 1296 1833 ’

67 1906 204 1995 cupida,
237 1905 447 1993 servandique
475 1904 625 1986 sollicita;
658 1928 741 1992 quae
773 1910 876 1975 minus
899 1907 1100 1986 considerat,
1131 1907 1210 1996 qnid
1308 1963 1312 1979 ,

66 1991 238 2081 expediat,
273 1992 326 2058 ubi
347 1990 500 2065 intendit,
531 1992 608 2077 quid
632 1992 742 2079 rapiat.
786 1995 881 2061 Hanc
903 1996 997 2063 vitam
1020 1992 1106 2080 apud
1127 1994 1252 2059 anti-to

65 2102 150 2168 qnos
171 2078 296 2182 tpranni
316 2076 429 2164 aliqui,
457 2099 556 2163 penes
578 2098 637 2143 nos
659 2076 797 2144 mundus
820 2081 920 2147 omnis
942 2079 1035 2166 gerit.
1085 2076 1210 2144 Philarss
1263 2106 1269 2115 ·

30 2182 33 2187 ’
65 2168 147 2255 gicd
167 2186 232 2229 srre
254 2162 428 2248 voluptaria
449 2162 513 2228 vita
534 2173 613 2242 est,
636 2185 721 2250 quae
742 2164 894 2254 voluptati
915 2177 1036 2233 tantum
1060 2164 1236 2244 obnonia,x

63 2250 187 2316 nullum
216 2250 384 2315 honestum
404 2251 524 2313 bonum
554 2259 699 2335 reputat,
736 2248 835 2317 solam
857 2252 940 2318 vitae
961 2260 1113 2351 appetens
1138 2272 1210 2315 cor-

61 2335 234 2424 ruptelam.
285 2334 382 2400 Hanc
417 2333 511 2399 vitam
532 2355 638 2483 penes
670 2332 737 2399 illos
769 2344 890 2402 tanturn
917 2338 1068 2424 Epicurea
1097 2356 1210 2423 gesse·

61 2434 165 2503 runt·;
186 2418 281 2508 apud
303 2442 362 2486 nos
382 2417 529 2508 hujusmo
554 2420 564 2484 i
583 2419 646 2485 vita
666 2429 791 2498 natura,
813 2443 876 2487 non
900 2423 1018 2488 crimen
1037 2430 1095 2488 est
1214 2439 1251 2491 ts

155 2505 209 2573 23.
250 2505 289 2572 Id
311 2506 419 2591 itaque
434 2503 672 2572 considerantes
690 2511 805 2593 poetae
824 2508 920 2574 trium
942 2507 1075 2574 dearum
1089 2517 1211 2595 ponunt

65 2592 262 2670 certamina,
297 2589 336 2662 td.
359 2601 409 2657 est
431 2590 609 2670 Minervae,
642 2589 777 2657 lunonis
798 2604 831 2659 et
852 2593 1005 2673 Veneris,
1046 2590 1088 2657 de
1108 2590 1210 2656 forma

64 2702 130 2747 sua
150 2674 423 2754 contendentium,
444 2677 618 2743 theoricam
640 2697 699 2764 per
712 2677 886 2743 Minervam
908 2677 1002 2744 deam
1026 2676 1210 2766 sapientiae,
1273 2728 1276 2739 .

53 2765 249 2864 practicam
278 2784 335 2865 per
369 2759 529 2828 lunonem
558 2785 642 2850 quae
677 2783 851 2848 regnorum
883 2774 915 2830 et
944 2763 1119 2830 divitiarum
1147 2761 1211 2828 dea

68 2861 142 2929 est,
175 2847 383 2936 phdargrcam
417 2870 478 2937 per
509 2848 668 2915 Venerem
709 2870 793 2934 quae
830 2850 1040 2936 voluptatibus
1072 2857 1208 2935 praeest,
1216 2864 1252 2914 ao

68 2934 298 3023 significantes.
341 2932 412 2998 Has
438 2933 570 3018 fingitur
589 2932 737 3020 Juppiter
758 2934 838 2998 nollo
857 2935 1021 3022 judicare,
1054 2957 1094 2999 ne
1117 2955 1210 3021 prae-

10 3040 26 3069 *
68 3017 207 3087 terendo
235 3041 348 3099 unam,
377 3017 458 3085 duas
479 3018 622 3087 videatur
651 3017 874 3086 condemnare.
925 3022 1095 3087 Videretur
1123 3041 1210 3084 narn-

10 3126 14 3143 ’
71 3128 139 3196 que
158 3104 277 3199 arbitrii
297 3105 397 3170 nostri
416 3104 582 3172 destructa
601 3106 746 3185 libertas,
778 3107 803 3171 si
826 3106 997 3208 quamlibet
1019 3128 1057 3172 ex
1079 3106 1209 3171 istarum
1228 3108 1234 3117 “

10 3200 15 3283 '‚
70 3193 171 3261 trium
191 3191 323 3258 vitarum
344 3190 434 3256 nobis
468 3190 548 3256 deus
576 3190 753 3278 agendam,
788 3188 855 3257 alirs
885 3189 1012 3258 'duabus
1042 3189 1210 3270 damnatis,
1250 3260 1253 3265 ,

10 3286 14 3329 ἶ
69 3288 276 3368 proponeret
329 3275 409 3341 Ideo
430 3275 473 3342 ad
494 3276 654 3357 hominem
677 3275 832 3365 judicium
854 3279 1024 3355 transfert,
1057 3276 1108 3342 cni
1132 3274 1252 3344 libe-at
1302 3300 1305 3305 ·

20 3362 23 3367 ’
69 3386 147 3433 rum
177 3359 314 3450 eligendi
343 3373 377 3429 et
405 3359 543 3429 debetur
576 3376 609 3430 et
637 3361 734 3431 datur
764 3363 936 3429 arbitrium.
990 3362 1046 3428 llle
1080 3363 1208 3427 brutum

10 3454 18 3477 ⁹
71 3445 228 3538 quiddani
258 3446 411 3536 desipuit,
441 3457 479 3514 ut
507 3448 647 3515 ferarum
685 3470 724 3512 ac
751 3446 913 3534 pecudum
949 3470 1018 3515 mos
1047 3459 1112 3523 est,
1145 3467 1209 3510 non

10 3570 21 3617 ις
69 3535 238 3604 Minervae
246 3535 403 3611 virtutem,
423 3554 486 3598 non
499 3535 633 3600 lunonis
647 3531 768 3598 divitias
779 3535 960 3621 respiciens,
981 3531 1039 3600 sed
1053 3531 1094 3598 ad
1107 3529 1209 3596 libidi-

10 3622 20 3661 ‚i

10 3756 21 3791 'l

10 3812 24 4005 l

13 3672 19 3681 .
72 3644 150 3689 nem
179 3621 264 3687 visus
297 3619 438 3698 intorsit,
466 3618 637 3710 'vitamque
669 3617 877 3706 philargicam
910 3617 1080 3706 praelegit,
1125 3617 1208 3682 sicut

71 3718 188 3797 postea
210 3706 256 3772 rei
274 3705 376 3772 esitus
396 3704 554 3772 indicavit.
596 3704 694 3782 Quod
717 3726 791 3769 rero
814 3726 924 3770 ornnes
952 3703 995 3769 dii
1016 3703 1060 3768 ad
1081 3703 1252 3788 nuptias4⁰

14 3796 17 3801 '
71 3792 225 3861 dicuntur
247 3791 430 3872 convocati,
459 3789 608 3878 designat
635 3791 775 3857 omnium
803 3789 1029 3856 elementorum
1051 3808 1205 3875 coopera-

70 3879 162 3948 tione
189 3877 413 3963 stellarumquo
443 3899 600 3943 consensu
629 3877 788 3942 hominem
815 3875 996 3962 procreari;
1033 3874 1098 3939 sive
1131 3874 1204 3973 quia

10 4012 20 4027 .
71 3960 231 4054 putabant
260 3962 415 4049 gentiles,
451 3963 594 4049 singulos
629 3960 708 4028 deos
737 3960 878 4047 singulas
906 3957 1032 4025 humani
1064 3978 1207 4046 corporis

10 4092 20 4121 ·.
71 4062 183 4141 partes
204 4049 366 4128 obtinere,
398 4047 559 4116 Junonem
580 4048 727 4124 brachia,
764 4057 877 4133 pectus
899 4044 1101 4131 Neptunum,
1142 4044 1208 4109 cin-

10 4176 18 4187 ·
72 4135 187 4310 &aar
204 4135 352 4214 Martem,
373 4155 465 4203 renes
487 4146 521 4201 et
541 4134 672 4223 inguina
693 4135 862 4210 Venerem,
883 4129 983 4217 pedes
1002 4128 1207 4206 Mercurium,
1215 4146 1251 4197 tr»

95 4223 194 4291 “tos
232 4219 415 4289 Minervam.
474 4222 577 4288 Aures
612 4221 707 4286 etiam
745 4215 921 4283 Memoriae
980 4224 1208 4284 consecrarunt
1290 4216 1302 4223 “
