2692 4606
298 188 482 291 ntytmgr.
509 190 582 262 1n.
637 138 961 266 min-'m‘
1074 187 1201 267 aaa
1242 130 1268 191 ’·

59 368 278 456 frequentior,
311 368 459 457 neglecta
481 369 707 439 vocabulorum
729 370 871 461 origine,
903 342 1076 464 utruque
1095 390 1200 462 angu-

57 454 142 520 rium
163 454 384 522 indifferenter
407 455 552 545 appellat

148 540 199 606 14.
242 543 456 628 Auguriorum
475 538 632 607 vero‘alia
660 539 796 608 oblativa
819 552 920 621 sunt,
939 541 972 627 id
1001 553 1069 623 est,
1112 565 1200 630 quae
1227 576 1229 585 ·

10 636 13 640 ’
61 645 126 688 non
147 639 342 713 postumum
363 627 422 692 alia
444 626 659 713 impetrativa,
693 627 815 707 idest,
852 649 937 717 quae
955 640 1067 718 optata
1083 650 1200 717 prove-
1253 626 1257 632 ’

59 712 160 778 niunt.
202 712 255 776 De
274 713 471 801 impetratito
493 712 631 781 Statiust
1140 736 1166 773 .·

144 795 313 884 luppiter
333 798 566 886 omnipotens,
594 816 679 862 nam
700 805 735 859 te
751 794 953 884 pernicibus
969 797 1053 898 ⁸ulio
1073 808 1136 868 eto.

59 881 114 950 De
134 881 271 949 ablativo
292 882 464 969 Virgilius:
761 908 763 912 ·
822 930 832 939 -
1218 897 1260 931 ἒ
1299 903 1302 907 ·

68 1027 78 1032 .
184 1019 194 1028 .
459 970 623 1058 geminae
642 988 749 1059 quum
762 963 862 1055 sorte
879 965 1055 1033 columbae
1074 979 1137 1037 eto.

60 1049 132 1119 Nisi
152 1050 237 1118 enlm
257 1050 428 1119 oblalirum
446 1065 547 1138 esset,
570 1051 671 1141 forte
700 1073 764 1118 non
792 1051 978 1129 addidisset.
1032 1053 1201 1122 Nonnum-
1249 1129 1253 1137 ,

60 1161 158 1231 qpam
178 1148 284 1204 tamen
305 1138 375 1226 ipsa
395 1161 537 1228 augures
557 1162 599 1205 ex
619 1137 789 1205 devotione
815 1138 962 1204 fecerunt
988 1137 1242 1242 impetrativa,1o

61 1246 148 1313 quae
169 1222 252 1290 ultro
296 1238 487 1291 revenerunt
506 1223 652 1292 oblativa.
698 1222 794 1291 Unde
813 1221 932 1290 ibidem
952 1224 1116 1294 subditur:

145 1309 232 1373 Este
262 1333 373 1393 luces,
401 1332 437 1387 ο,
465 1309 499 1374 si
518 1333 587 1398 qua
606 1312 668 1374 via
688 1319 752 1374 est.
840 1314 844 1323 '
900 1312 905 1327 ‘

62 1392 203 1482 Legitur
224 1394 403 1480 auguralis,
422 1405 461 1461 ut
477 1393 630 1474 diximus,
651 1394 750 1460 finisse
770 1391 1017 1475 observationis,
1037 1404 1074 1461 ut
1095 1417 1221 1484 ungu-¹

60 1480 109 1546 ria
128 1491 293 1566 captantes
323 1490 410 1548 certa
441 1482 546 1568 spatia
576 1477 799 1566 designarent,
841 1480 873 1544 in
906 1479 1022 1564 quibus
1053 1481 1202 1550 volebant

60 1563 199 1632 videnda
221 1565 262 1631 ad
283 1587 319 1631 se
338 1567 507 1657 pertinere.
544 1549 645 1632 Unde
665 1565 853 1654 peritissime
871 1563 1070 1652 interjectum
1090 1576 1164 1635 estt·
1206 1589 1242 1639 15

147 1653 233 1736 Ipse
253 1649 316 1714 suli
336 1674 398 1715 ora
420 1651 490 1717 viri
504 1649 599 1715 caelo
625 1672 748 1718 venere
766 1649 933 1724 volantes,
971 1696 977 1702 .

146 1736 195 1802 Et
214 1734 327 1801 viridi
343 1736 460 1800 sedere
490 1734 562 1800 solo
748 1800 752 1807 ,
924 1785 930 1809 ,

62 1843 111 1889 ne
123 1819 287 1899 videlicet,
308 1821 336 1887 si
352 1820 405 1886 lon
432 1821 483 1888 ius
502 1819 660 1901 volarent,
690 1813 733 1882 od
752 1836 825 1880 eum
847 1837 911 1881 nou
931 1815 1093 1903 pertinere
1113 1815 1202 1887 vide·

62 1917 193 1987 rentur,
230 1906 319 1981 Hine
344 1905 385 1971 in
459 1905 544 1975 Ide
578 1901 775 1992 apparitione
808 1901 933 1988 aquilae
971 1901 1091 1970 dictum
1134 1919 1200 1974 est:
1266 1906 1280 1967 i

63 1994 289 2079 Monstropue
317 1988 471 2079 sesillit.
520 1988 602 2058 Illud
631 2009 770 2076 namque
795 1987 964 2073 augurium
997 2011 1109 2054 carere
1134 1990 1242 2064 fideuu

63 2076 201 2155 iudicat,
230 2075 311 2142 sede
330 2087 459 2163 negata.
511 2066 714 2163 Ubicumque
735 2072 818 2138 enim
840 2076 966 2138 firmum
981 2074 1079 2139 Maro
1101 2076 1201 2144 intro-

63 2163 155 2230 ducit
174 2163 354 2247 augurium,
374 2160 485 2230 sedem
508 2163 538 2228 ci
558 2161 768 2228 firmissimam
789 2156 853 2225 dat.
896 2160 953 2225 Sic
971 2159 1004 2225 in
1022 2162 1200 2232 Bucolicis:
1302 2176 1304 2180 ’

150 2247 260 2334 Saepe
287 2248 436 2311 sinistra
455 2270 543 2312 cava
563 2245 748 2334 praedixit
765 2241 809 2306 ab
830 2243 912 2308 ilice
931 2246 1065 2310 cornix.

63 2333 102 2400 In
122 2331 188 2398 lroc
216 2332 314 2397 etiam
339 2333 476 2421 augurio
507 2331 673 2399 liberatum
699 2350 841 2418 cygnum
872 2331 904 2394 in
924 2351 1016 2416 aqua
1045 2330 1201 2398 cecidisse

63 2418 162 2497 dicit,
193 2417 280 2506 quod
313 2416 457 2485 instabile
488 2417 586 2484 fuisse
622 2416 823 2483 manifestum
853 2426 911 2482 est.
969 2415 1041 2481 Nec
1075 2419 1243 2498 minumae
1266 2436 1312 2471 ἓ·

87 2526 162 2570 uum
183 2524 294 2568 revera
321 2507 387 2570 ineo
416 2501 586 2570 oblativum
616 2502 730 2582 fuerit,
763 2523 825 2566 neo
857 2500 1106 2590 impetrativum,
1140 2504 1200 2570 sed

62 2528 205 2657 lectione
224 2588 375 2669 Iuturnae
400 2579 583 2657 immissum.
632 2589 679 2656 Et
705 2583 821 2655 seimus
851 2587 962 2674 utique
988 2587 1053 2653 hoc
1081 2589 1201 2740 ubirpuo

63 2697 194 2742 semare
214 2672 395 2762 llirgilium,
425 2685 462 2742 ut
492 2676 609 2763 quibus
627 2675 727 2741 rebus
749 2683 886 2761 negatus
918 2684 968 2739 est
988 2674 1109 2755 exitus,
1166 2687 1201 2743 et
1240 2749 1243 2754 ,

64 2761 161 2829 mom
181 2758 305 2835 infirma
326 2760 487 2849 principio.
527 2760 640 2830 Sinin
661 2758 804 2827 'I'hraoia
818 2757 1035 2826 considentem
1045 2761 1199 2840 'Aeneam
1251 2787 1263 2809 1

63 2869 163 2938 qnam
179 2866 254 2912 mox
270 2847 332 2914 fuit
352 2847 536 2929 relicturus,
571 2859 684 2915 contra
705 2866 828 2912 morem
847 2845 920 2910 lovi
943 2843 985 2911 de
1005 2855 1099 2914 taum
1122 2847 1242 2935 dieitao
1278 2861 1281 2865 ’

63 2932 272 3000 notificasse.
323 2933 379 3000 Sio
408 2946 442 3002 et
474 2933 506 2999 in
533 2933 628 3002 tertio
656 2945 733 3022 post
766 2931 928 2998 numinum
959 2933 1200 3019 apparitionem,

63 3039 151 3107 qnae
172 3014 350 3085 felicitatem
377 3018 544 3086 videbatur
574 3022 705 3091 afferre,
740 3016 861 3083 dietum
896 3028 960 3084 est:
1004 3017 1201 3107 Corripioe

61 3100 192 3168 stratis
212 3126 347 3190 corpus.
388 3106 474 3172 Nam
494 3106 600 3172 statim
618 3117 652 3172 te
706 3115 791 3171 estas
814 3105 987 3189 subsecuta
1015 3114 1075 3170 est.
1118 3104 1200 3170 Item

61 3185 279 3256 insecundo:
320 3188 492 3256 Excutior
518 3214 645 3256 somno.
719 3200 733 3256 t
757 3213 832 3256 mon
860 3189 979 3256 illatum
1007 3200 1058 3255 est
1082 3188 1200 3258 civitati

63 3271 233 3340 excidium.
273 3274 430 3348 Quotiens
450 3275 534 3344 enim
555 3298 596 3343 ex
616 3278 752 3365 abmpto
771 3297 900 3344 somnus
919 3275 1098 3361 aufugerit,
1131 3276 1243 3362 sig-35

62 3360 191 3439 nificat,
222 3367 261 3427 ut
280 3360 324 3427 ait
345 3361 503 3444 Servius,
532 3384 626 3429 omen
642 3363 760 3428 infelix.
801 3361 887 3429 Neo·
907 3361 1073 3428 immerito.
1116 3361 1200 3428 Nam
1292 3439 1296 3445 ¹
1324 3420 1328 3427 .

63 3445 93 3513 si
112 3466 263 3524 somnus,
282 3447 401 3534 iuquit,
423 3470 537 3517 munus
558 3438 779 3529 dedrum'est,
799 3460 859 3516 ut:
900 3447 950 3513 Et
970 3446 1059 3511 dono
1078 3444 1201 3512 dietim

59 3531 276 3619 gratissima
294 3534 428 3623 serpit3
461 3555 526 3602 non
546 3536 616 3604 sine
634 3532 818 3603 infelicitate
839 3555 878 3601 en
899 3535 1036 3621 abrupto
1064 3529 1201 3601 deorum

61 3636 179 3684 munus
199 3615 353 3684 abscedit.

108 3703 111 3707 ’
150 3702 204 3769 15.
244 3702 323 3771 Iluit
342 3703 437 3771 etiam
456 3703 489 3771 in
509 3704 652 3773 oblativis
673 3704 816 3794 auguriis
830 3705 891 3772 sub
905 3703 1035 3772 arbitrio
1055 3696 1244 3785 videntium

61 3785 320 3859 namnetum
342 3791 559 3878 sepertinere
587 3793 696 3874 vellet,
728 3814 770 3858 an
801 3791 956 3858 refutaret
984 3799 1018 3857 et
1037 3788 1201 3855 abomino-
1305 3788 1310 3799 “

61 3883 166 3941 remr.
193 3872 314 3940 *Unde
333 3886 368 3942 et
393 3878 425 3942 in
453 3877 569 3946 eodem
597 3878 734 3968 augurio
769 3877 810 3943 ab
841 3898 967 3964 augure
997 3874 1201 3965 subjunctum

62 3968 133 4027 est:
175 3958 322 4047 Accipio
355 3968 571 4055 agnoscoque
603 3965 699 4049 'cleos3
740 3963 804 4030 hoo
835 3976 900 4043 est,
938 3962 1108 4049 augurium
1136 3961 1202 4028 boo

62 4045 201 4111 libenter
220 4045 413 4133 amplector,
449 4060 484 4116 et
503 4049 589 4118 eirea
609 4073 678 4118 nos.
701 4049 842 4122 favorem
868 4048 1003 4116 deornm
1035 4069 1200 4136 agnosco3

61 4129 172 4218 ibique
198 4127 353 4218 deeeptus
386 4145 548 4224 tamquam
586 4135 630 4203 de
661 4134 796 4203 oblatiro
829 4135 907 4202 ait
951 4133 1057 4202 ·ltem
1091 4134 1123 4200 in
1152 4135 1240 4209 Vtut
1286 4174 1320 4209 ,·;.

63 4214 146 4309 Neo
163 4215 341 4283 maximus
360 4239 457 4286 omen
478 4219 605 4307 abnuit
626 4222 776 4309 Aeneae.
860 4221 908 4291 uit
938 4219 1031 4291 etium
1058 4220 1197 4290 Romani
