2684 4606
379 164 561 269 uyuog..
589 169 622 244 1.
675 100 886 245 ra-ssrr.
1153 116 1207 252 ri

33 344 105 414 ‘ut
132 347 259 439 probes
286 349 447 439 conjugis
475 351 695 439 castitatem,
724 367 825 424 muto
853 370 888 425 te
911 360 949 425 ia
969 369 1207 430 mercatorem.

63 434 138 509 Quo
160 434 267 516 lacto,
294 434 346 501 ille
370 437 425 505 ivit
444 437 488 505 ad
507 437 662 516 Procrin,
687 451 741 525 et,
769 442 881 512 oblatis
902 445 1085 514 muneribus
1106 449 1207 538 impe·
1236 457 1239 464 '
1333 488 1338 495 ·

61 531 214 609 motaque
232 543 270 587 re
291 521 468 611 conjugah,
489 523 654 594 consessus
674 537 740 608 est,
761 550 799 596 se
819 552 892 598 esse
912 531 1069 600 maritum.
1108 532 1206 609 Quod

12 626 15 631 ·
62 604 176 673 dolens
195 603 286 688 illa,x
306 605 405 695 quum
438 607 580 678 audisset
606 634 627 678 a
654 613 809 701 rustico,
826 638 935 684 amare
972 639 1044 684 enm
1077 623 1205 699 Auram,

62 714 159 778 quarn
181 690 331 759 invocare
351 709 574 774 consueverat,
598 694 753 766 ad¹silvas
774 702 921 788 prolecta
943 713 1013 784 est,
1037 716 1070 770 et
1084 704 1116 769 in
1138 704 1231 771 irus

62 779 168 844 ticetis
198 776 300 851 latuit,
317 776 360 844 ad
389 777 695 869 deprehendendum
715 785 871 853 maritum.
915 789 978 863 Qut
999 811 1097 890 quum
1116 812 1207 856 more

62 863 155 930 solito
176 862 297 930 Auram
317 876 464 945 vocaret,
485 867 616 935 Procris
638 869 754 956 egredi
773 873 922 960 cupiens,
940 874 1099 941 -frutrceta
1119 890 1207 942 c'om-

61 951 168 1017 movit
220 951 362 1039 Sperans
393 950 556 1039 Cephalus
589 953 690 1020 leram
720 978 810 1038 essa,
845 957 968 1025 hastam
999 960 1208 1028 inevitabilem

62 1035 219 1126 conjecit,
248 1047 282 1102 et
309 1036 469 1105 interfecit
489 1059 620 1105 uxorem
641 1038 746 1130 (quae
765 1050 872 1110 tamen
895 1044 1050 1128 moriens,
1081 1068 1122 1111 no
1141 1049 1207 1115 Au·

61 1142 168 1189 reram
191 1121 345 1204 duceret,
374 1120 571 1212 postulavit).
1166 1199 1170 1205 ,
1213 1138 1249 1200 io

256 1241 326 1318 45.
378 1240 630 1347 Amymone
664 1256 707 1345 et
739 1245 1021 1324 Palamedes.
1143 1262 1147 1269 '
1243 1247 1246 1254 ’

11 1374 31 1401 ·’
145 1367 343 1456 Amymone,
376 1363 482 1431 Danai
516 1364 598 1445 filia,
635 1363 712 1431 dum
745 1366 887 1436 studiose
914 1369 945 1435 in
974 1367 1076 1437 insula
1102 1370 1207 1459 jaculo

66 1465 292 1532 exerceretur,
312 1449 496 1538 imprudens
518 1450 668 1540 Satyrum
689 1453 855 1539 percussit
891 1453 936 1521 Et
954 1477 1051 1540 quum
1072 1457 1207 1545 Satyrus

64 1561 136 1606 eam
163 1537 285 1603 violare
311 1537 433 1614 vellen.
450 1536 501 1601 illa
530 1535 673 1623 Neptuni
704 1537 851 1605 auxilium
881 1538 1064 1626 imploravit.
1108 1541 1206 1617 Quod
1295 1605 1298 1612 .

13 1632 16 1641 '
86 1645 160 1689 num
178 1621 350 1710 Neptunus
371 1620 517 1702 vidisset,
538 1619 651 1708 fugato
673 1621 811 1711 Satyro,
831 1625 902 1713 ipse
920 1647 990 1690 eam
1007 1630 1247 1715 compressitlt
1325 1644 1328 1649 ·

11 1730 15 1746 ’
63 1647 113 1775 hx
132 1731 202 1810 quo
225 1706 376 1796 conjugio
402 1719 493 1774 natus
525 1718 575 1773 est
603 1705 721 1789 Belus,
753 1707 935 1789 Palamedis
964 1726 1066 1798 pater.
1109 1712 1246 1780 Unde'.

11 1802 17 1853 .'
64 1794 237 1881 Virgrlius:
291 1791 438 1859 Belidae
476 1813 598 1856 aomea
623 1792 852 1873 Palamedis.
889 1794 1086 1883 ¹Neptunus
1130 1820 1207 1866 vero

13 1952 16 1957 ,
56 1878 181 1953 Δ(ἰὶοἰῖιπ
202 1902 261 1946 cus
284 1876 337 1942 ide
353 1875 470 1957 locum,
490 1877 523 1941 in
545 1898 609 1963 quo
631 1879 839 1967 Amymonem
862 1895 1110 1968 compresserat,
1132 1908 1208 1972 per-

20 2020 25 2033 .
63 1965 213 2033 cussisse.
243 2000 247 2007 ·
279 1961 343 2030 nde
363 1984 460 2051 quum
482 1983 565 2050 aqua
585 1963 717 2041 flueret,
736 1962 903 2032 Lernaeus
926 1976 976 2035 est
996 1967 1068 2036 sons
1089 1969 1205 2052 dictus,

10 2055 20 2119 .'‘
62 2064 96 2119 et
114 2054 310 2141 Amymones
329 2049 453 2115 fluvius.
652 2097 654 2103 ·
775 2080 778 2087 ·
1021 2105 1024 2110 .
1092 2110 1096 2125 .
1210 2076 1249 2127 ao

263 2167 341 2245 46.
386 2148 671 2245 Theseus'cs
704 2170 1000 2272 Hippolytus.
1052 2174 1053 2178 ’

150 2291 322 2371 Theseus,
353 2301 477 2356 mortua
502 2284 696 2379 Hippolyte,
722 2289 922 2373 Phaedram,
951 2292 1065 2362 Minois
1088 2267 1205 2365 et'Pa-

10 2408 29 2441 .·
63 2379 192 2469 siphaes
220 2379 338 2456 filiam,
369 2373 555 2466 superduxit
583 2397 753 2447 novercam
781 2376 965 2468 Hippolyto.
1007 2381 1073 2455 Qui
1106 2406 1205 2471 quum

34 2469 37 2479 '
59 2465 106 2532 'de
125 2479 241 2554 stupro
261 2463 344 2530 iham
364 2459 612 2564 interpellantem
633 2462 871 2544 contemsisset,
901 2463 980 2531 t'also
1009 2464 1135 2533 delatus
1160 2466 1204 2535 ad

64 2564 188 2640 patrem
217 2560 284 2629 est,
318 2544 405 2636 quod
432 2570 462 2613 er
486 2545 547 2612 vim
577 2545 668 2614 vellet
696 2546 825 2631 inferre.
875 2547 1023 2616 'I'heseus
1049 2553 1195 2638 Aegeum
1208 2587 1245 2637 25

12 2664 17 2671 ·
59 2634 209 2715 auem,
244 2645 282 2701 ut
316 2658 353 2701 se
385 2632 607 2712 ulcisceretur,
643 2633 783 2720 rogavit:
824 2634 878 2721 qui
908 2635 1042 2721 agitanti
1075 2661 1205 2708 currum

64 2662 417 2875 hesternit.
453 2720 568 2869 hur
586 2718 1205 2880 t.:utrestutatast

66 2916 138 2960 eum
159 2894 193 2960 iu
215 2892 312 2959 vitam
331 2913 388 2979 per
411 2829 649 2977 Aesculapiuia,
680 2889 776 2969 filium
798 2890 946 2978 Apollinis
968 2857 1219 2975 et’Coronidiss

64 2981 116 3068 qui
138 2990 236 3046 natus
258 2989 328 3043 erat
347 2987 476 3043 exsecto
496 2975 605 3042 matris
622 2987 752 3056 ventre,
772 2974 846 3042 ideo
868 2977 958 3064 quia,
980 3000 1077 3066 quum
1090 2981 1199 3070 Apollo
1207 3011 1245 3060 30

9 3095 33 3131 ·.
63 3065 207 3132 audisset
227 3087 248 3130 a
269 3084 382 3143 corvo,
409 3062 476 3151 ejus
497 3059 647 3140 custode,
677 3083 748 3127 eam
776 3059 963 3129 adulterium
992 3067 1200 3148 committere,

11 3173 22 3197 ·
62 3151 161 3233 iratps
185 3146 399 3229 Coronidem,
430 3157 555 3214 maturo
570 3147 638 3244 jam
660 3160 772 3234 partu,
801 3146 932 3215 confixit
958 3151 1099 3235 sagittis,
1129 3175 1201 3218 cor·
1275 3170 1281 3189 ¹

9 3238 11 3245 ’
63 3261 134 3302 sum
156 3258 234 3303 vero
256 3235 382 3320 nigrum
404 3231 481 3300 fecit
500 3255 539 3298 ex
561 3233 651 3312 ulbo;
676 3243 718 3312 et,
742 3248 869 3300 exsecto
889 3247 997 3301 ventre
1017 3237 1203 3320 Coronidis,

9 3314 20 3402 ’,
64 3322 216 3409 produxit
252 3319 489 3421 Aesculapium,
531 3319 586 3405 qui
624 3317 729 3384 factus
769 3330 819 3384 est
859 3319 1034 3387 medicinae
1068 3323 1199 3410 peritus.

63 3411 161 3474 Hunc
178 3417 293 3497 postea
305 3407 451 3493 Jupprter
485 3416 593 3492 ropter
607 3416 790 3470 revocatum
802 3403 1009 3506 Hippolytum
1031 3408 1240 3489 interemitss

8 3550 15 3565 ‚
63 3494 160 3560 Unde
193 3490 306 3583 Apollo
331 3493 430 3558 iratus
462 3428 638 3579 hyalopas,
673 3489 879 3557 fabricatores
912 3491 1091 3574 tulminum,
1120 3518 1197 3560 oon-

16 3594 33 3653 }
63 3581 129 3654 fixit
151 3578 289 3666 sagittis.
332 3578 386 3643 Ob
414 3598 510 3664 quam
539 3598 606 3640 rem
635 3575 738 3662 jussus
759 3586 810 3642 est
829 3574 955 3643 Admeti
977 3579 1063 3663 regis
1085 3601 1198 3648 novem

8 3674 12 3689 '
63 3665 152 3732 annis
173 3674 317 3731 armenta
337 3683 489 3751 pascere,
518 3659 676 3728 divinitate
700 3658 855 3748 deposita.
898 3661 966 3728 Sed
989 3664 1094 3731 Diana
1114 3667 1198 3756 Hip-

8 3734 21 3785 ⁸
61 3750 219 3841 polytum,
248 3762 431 3816 revocatum
453 3749 494 3813 ab
513 3747 638 3826 inieris,
665 3745 834 3835 Nymphae
855 3748 1086 3818 commendavit
1106 3751 1197 3840 Ege-

59 3837 145 3919 riae,
172 3849 300 3905 etcum
326 3833 361 3900 V
362 3831 507 3913 irlrium,
536 3833 626 3921 quasi
646 3828 699 3895 his
720 3835 853 3909 elram,
874 3833 969 3922 jussit
990 3837 1105 3904 vocari.
1201 3876 1237 3928 40

198 3971 271 4047 47.
323 3972 494 4064 Minos,
538 3983 696 4044 taurus
735 3966 773 4045 et
810 3971 1049 4051 Hercules.
1172 3984 1177 3995 '

32 4139 40 4153 .
142 4094 270 4173 Minos,
290 4092 373 4159 Iovis
393 4092 475 4159 filius
497 4102 530 4159 et
550 4077 718 4178 Fluropa'e,
740 4110 838 4177 quum
857 4093 939 4179 patri
957 4096 1192 4165 sacrificaturus
1241 4160 1247 4167 .

60 4180 234 4251 accederet
252 4174 296 4264 ad
317 4200 407 4262 aras,
430 4179 531 4246 oravit
554 4176 726 4267 potentiam
744 4175 894 4258 numinis,
920 4192 955 4248 ut
978 4180 1108 4270 dignam
1127 4184 1191 4274 aris
