2684 4606
375 78 687 221 xMalean·¹
723 113 792 235 ³⁸·
821 120 891 196 ³⁹·
1172 126 1228 225 8⁷,
1324 224 1327 231 .

82 303 128 373 ad
149 324 231 395 qnos
252 318 320 397 per'
333 304 516 373 convitium
530 306 709 387 numinum,
724 346 727 353 -
741 299 802 374 aut*
816 318 875 396 p'er
896 308 1084 398 conjugium¹
1102 312 1226 382 venitur
1293 296 1298 309 ’

10 420 13 479 f
82 391 229 458 dearum.
280 389 378 459 Unde
408 391 574 480 Virgilius:
619 394 686 460 Cui
710 414 779 457 noo
813 398 921 457 risere
945 402 1126 481 parentes,
1163 423 1225 466 uec
1250 404 1317 477 ἐν·
1331 402 1337 463 ’.

10 486 38 557 l,
80 477 441 556 decarmoniam,
469 478 537 542 ‹ieo
557 478 794 565 nec‘riigootu
816 475 926 562 cubili
943 492 1005 544 eat.
1047 481 1224 572 Impetrato
1266 484 1289 513 “⁸

10 560 13 575 '
80 561 348 649 commnione,
379 572 478 652 quum
499 561 627 629 fulmina
650 563 710 651 ip'si
734 562 925 638 fabricaret,
958 564 1121 635 Mineruae
1144 592 1222 637 con-

75 648 189 739 jugio,
221 647 299 714 dum
320 646 375 725 itta,
401 670 441 712 eo
463 661 581 737 spreto*
591 648 819 728 reluctaretur,
851 656 944 716 natus
976 662 1025 720 est
1045 675 1126 741 puer
1147 656 1221 724 dra·
1244 681 1263 731 s

81 734 206 802 conteis
227 734 380 821 pedibus,
411 733 464 821 qui
499 733 675 823 appellatus
705 746 756 801 est
785 733 1030 817 Erichthonius,
1069 742 1159 828 quasi
1180 741 1223 809 de

80 831 183 884 terro
219 830 252 886 et
285 820 350 884 lite
380 830 587 905 procreatum
624 832 698 886 nam
724 828 793 904 ἔρις
828 832 878 887 est
906 821 969 902 lis,
998 820 1094 915 ynula
1115 837 1222 896 terra,

10 910 15 963 '.
80 907 189 979 Quem
209 905 355 970 Minerva·
373 904 410 969 in·
427 905 508 987 pista
529 906 715 985 abscondit,
738 905 942 994 draconeque
964 901 1100 976 custode
1121 935 1162 1001 ap
1186 936 1223 977 o-

79 990 162 1072 sito‚
182 988 308 1057 duabus
330 990 494 1058 sororibus
518 992 660 1143 Aplauro
683 1014 723 1057 ac
744 991 933 1083 Pandoram
965 993 1120 1084 Erythiae
1140 935 1219 1067 sriia-

80 1077 165 1158 bus,
184 1076 355 1144 transmisit
377 1077 532 1142 observari
558 1090 629 1155 um,
664 1076 875 1165 interdicens,
911 1098 952 1142 ne
981 1080 1092 1149 cistam
1115 1084 1262 1171 aperi-10

76 1172 164 1229 rent.
205 1162 356 1251 Virgines
377 1173 506 1242 autem,
536 1162 713 1230 interdicta
735 1163 837 1249 magis
864 1164 1076 1251 appetentes,
1107 1169 1218 1236 cistam

74 1247 251 1335 aperiunt‚·
273 1260 308 1317 et
328 1247 395 1314 viso
418 1260 543 1336 angue,
568 1248 690 1315 insania
710 1272 730 1315 a
750 1249 893 1315 Minerva
913 1249 1046 1332 in‘ecta,
1077 1251 1120 1319 de
1143 1277 1220 1323 arce

73 1333 314 1401 Atheniensium
339 1356 375 1400 se
395 1333 693 1423 praecipitaverunt
736 1335 874 1422 Anguis,
905 1274 954 1399 ari
968 1335 1131 1405 Minervae
1152 1340 1220 1431 ely.

70 1440 178 1508 peum
195 1419 382 1507 refugiens,
412 1420 453 1501 ab
483 1441 523 1485 ea
552 1429 602 1486 est
624 1419 797 1485 educatus:
841 1416 1069 1489 Erichthonius
1100 1435 1216 1508 autem,

70 1502 118 1571 ad
140 1504 314 1594 tegendam
329 1502 447 1593 pedum
467 1502 663 1581 foeditatem,
678 1504 798 1609 junctis
819 1506 919 1591 equis,
941 1519 1019 1572 ursus
1040 1516 1089 1574 est
1107 1514 1214 1590 curru,
1223 1531 1258 1581 15

70 1612 142 1676 quo
162 1601 291 1679 tegeret
310 1591 360 1658 sui
379 1590 523 1682 corporis
539 1590 775 1683 turpitudinem.
818 1588 915 1663 Unde
944 1591 1095 1687 Virgilius
1113 1595 1146 1662 in
1165 1597 1217 1668 111

69 1677 281 1764 Georgicon:
339 1690 356 1699 ''
404 1682 409 1689 “
454 1714 459 1725 -
496 1752 499 1759 ⁴
1263 1674 1267 1685 ’

160 1788 307 1856 Primus
325 1788 576 1856 Erichthonius
596 1809 722 1855 currus
742 1797 778 1853 et
800 1796 967 1876 quattuor
987 1811 1096 1854 ausus

150 1898 317 1989 'Jurtgere
338 1924 460 1997 equos,
479 1898 692 2001 'rapidisque
713 1899 810 1973 rotis
823 1898 987 1965 insistere
1007 1901 1130 1970 victor.
1240 1954 1252 1971 ,.

470 2088 539 2167 58.
600 2090 811 2188 Priapus.
1217 2115 1254 2166 ao

157 2215 297 2306 Priapus
317 2216 378 2284 init
399 2214 443 2305 de
463 2217 662 2306 Lampsaco,
688 2216 815 2283 civitate
835 2213 1051 2303 Hellesponti,
1084 2212 1127 2280 de
1147 2226 1213 2304 qu'a

17 2352 27 2363 .
69 2298 182 2391 pulsus
216 2314 267 2370 est
302 2311 436 2392 propter
469 2304 562 2376 virilis
589 2301 721 2371 memhri
753 2298 1016 2387 magnitudinem:
1065 2300 1148 2368 Post
1179 2302 1211 2368 in

10 2418 22 2437 »
70 2410 244 2463 numerum,
270 2386 405 2467 deorum
434 2401 601 2478 receptus,
642 2387 761 2455 meruit
784 2410 858 2456 esse
885 2408 1000 2457 numen
1034 2384 1210 2456 hortorum.
1285 2409 1292 2425 ¹

68 2472 198 2541 Dicitur
225 2485 331 2545 autem
360 2495 511 2563 praeesse
543 2473 641 2549 hortis
674 2482 807 2562 propter
834 2470 1070 2544 fecunditatem.
1121 2471 1208 2541 Nam

10 2566 23 2631 .“
70 2582 171 2710 puram
192 2558 253 2628 alia
287 2572 374 2628 terra
404 2562 504 2630 semel
532 2559 649 2650 aliquid
679 2569 786 2637 creet,
827 2557 911 2631 horti
937 2579 1107 2644 numquam
1138 2559 1249 2629 sinesa
1310 2634 1315 2643 q

10 2635 28 2723 l
60 2657 179 2713 =ructu
199 2654 293 2728 sunt;
328 2656 362 2713 et
403 2667 480 2713 uum
510 2645 571 2717 alia
606 2660 693 2714 terra
720 2643 819 2711 semel
849 2643 881 2715 in
910 2666 993 2709 anno
1022 2654 1210 2731 proventum

10 2726 20 2799 ζ’
70 2729 200 2813 habeat,
221 2733 334 2799 hortus
354 2731 396 2797 ha
420 2742 458 2798 et·
473 2731 683 2894 ωυὴὶὅῑίοοω.
726 2730 789 2803 Est
808 2740 914 2813 autem
935 2729 1076 2802 minister
1097 2729 1208 2796 Liberi

10 2802 20 2915 'p
70 2818 169 2905 patris
192 2829 226 2886 et
243 2817 325 2885 deus
352 2816 497 2887 hludmrs.
568 2817 646 2884 ‘ndo
673 2817 773 2885 sacris
801 2815 871 2906 ejus
898 2812 1053 2888 interesse
1074 2812 1208 2896 dicitur;

10 2920 17 2933 '
70 2924 144 2969 nam
166 2903 241 2968 aine
263 2904 384 2971 Cerere
403 2912 439 2967 et
460 2900 588 2979 Libere
605 2900 719 2990 friget
738 2901 776 2969 V
774 2906 868 2967 erius.
910 2901 1063 2987 Priapum
1077 2899 1206 2986 quidam

13 3078 20 3091 .
72 2987 182 3057 dicunt
204 3011 276 3059 esse
296 2987 458 3083 Adonem,
479 2988 577 3065 lilium
596 2976 750 3083 venetie,
779 2988 833 3081 qui
853 3011 873 3060 a
895 2987 1018 3059 leminis
1040 2985 1163 3059 colitur.
1210 3007 1248 3058 so

14 3120 34 3371 ἱ
465 3106 535 3235 59
588 3162 803 3247 Minerva*

31 3324 39 3343 ·
153 3288 297 3355 Minerva
317 3285 508 3376 sapientiae,
521 3318 525 3331 ·
538 3311 719 3369 armorum,
747 3299 782 3356 et
800 3286 926 3365 lanificii
946 3284 1009 3354 dea
1029 3308 1104 3353 esse
1124 3284 1203 3356 ‹lici-

24 3374 38 3469 i
71 3386 131 3444 tur.
176 3375 272 3450 Quae
294 3374 439 3469 pingitur
457 3385 595 3454 armata,
615 3376 728 3465 triplici
749 3387 837 3450 veste
855 3372 978 3453 indua,
1001 3382 1098 3461 caput
1117 3374 1202 3438 Gor-

70 3476 177 3549 gonae
197 3470 328 3549 gestans
350 3472 490 3562 pectore.
543 3460 687 3535 Minerva
706 3460 780 3533 ideo
805 3460 848 3527 de
867 3458 986 3534 uertice
1015 3458 1102 3525 Jovis
1123 3457 1227 3539 dici7.·.=

71 3560 121 3615 tur
141 3558 237 3625 nata,
259 3546 339 3634 quia‘
353 3546 516 3632 ingenium
534 3544 567 3621 m
588 3550 721 3615 cerebro
741 3546 885 3635 positum·
902 3545 950 3613 sit.
1000 3542 1079 3610 ideo
1106 3543 1244 3629 fingi-³5

68 3644 119 3699 tur
156 3645 298 3711 armata,
341 3633 415 3721 quia
455 3631 607 3719 sapientia
641 3635 682 3713 sit
722 3634 850 3707 munita.
904 3630 1094 3718 Gorgonem
1127 3628 1203 3701 huic

69 3715 193 3786 addunt
213 3717 246 3785 in
267 3728 411 3805 pectore,
432 3728 468 3784 ut
490 3717 535 3783 vi'r
555 3720 679 3809 sapiens
700 3734 853 3791 terrorem
874 3730 987 3789 eontra
1004 3715 1202 3789 adversarios

68 3816 179 3893 gestet
199 3802 233 3869 in
254 3812 369 3875 monte.
425 3804 562 3871 Cristam
590 3828 663 3873 cum
693 3805 786 3894 galea
816 3803 911 3892 capiti
940 3803 1006 3893 ejus
1026 3802 1201 3886 imponunt,

10 3774 18 3816 r

10 3854 18 3982 i
67 3904 101 3959 ¹¹¹
123 3890 294 3957 cerebrum
315 3890 470 3977 ‘alienia
491 3903 523 3960 et
549 3906 704 3963 armatum
733 3892 774 3961 sit
794 3900 827 3957 et
857 3888 1018 3962 decorum.¹
1067 3886 1199 3974 'I'riplici

10 4020 17 4067 3
65 3976 162 4045 etiam
185 3986 275 4042 ueste
294 3976 519 4063 finguntha'uc
540 4001 612 4043 esse
632 3978 791 4055 indutam,
821 3974 907 4060 quod
929 3971 1081 4062 sapientia
1102 3983 1240 4053 tectato

10 4110 13 4150 ,
63 4062 267 4131 extrinsecus
295 4080 370 4128 raro
411 4075 636 4149 cognoscatur.
685 4065 730 4132 iit
765 4060 968 4128 conditricem
1004 4059 1198 4125 Athenarum

23 4206 28 4221 .
63 4172 138 4217 eam
161 4147 287 4221 dicunt.¹
336 4148 480 4215 Minerva
500 4149 583 4216 enim
615 4144 756 4239 Ἀθηνᾶ
789 4149 917 4214 Graece
945 4144 1075 4226 dicitur,
1108 4143 1198 4232 quasi
