2684 4606
308 1065 582 1162 &nomn
632 1042 986 1149 omninno
1065 1189 1068 1199 ι
1214 1146 1216 1159 .
1295 1173 1298 1178 .

180 1271 183 1279 -
224 1224 301 1293 -IN
349 1220 826 1295 MYTHOGRAPHUM
865 1226 1097 1301 PRIMUM.
1202 1260 1205 1264 ·

117 1417 146 1484 l.
192 1415 278 1491 vid.
300 1418 410 1491 Serv.
434 1416 730 1506 estiennot.
762 1420 801 1498 6,
828 1419 887 1498 42,
916 1440 1037 1506 quem
1065 1419 1211 1490 laudat

136 1504 344 1606 mythogr.
369 1504 435 1585 ΙΙΙ,
460 1506 520 1586 10,
542 1506 595 1588 10,
617 1504 852 1571 ubteadem
874 1505 1016 1572 fabula
1037 1506 1188 1574 iisdem
1252 1578 1254 1592 Ι

90 1648 95 1661 .
189 1591 560 1675 verbtsnarratur3
596 1589 872 1679 cflmythogt.
899 1590 1016 1675 ΙΙ,64
1046 1616 1072 1657 v.
1095 1593 1138 1658 42
1293 1603 1299 1610 ’

279 1699 281 1704 ·
320 1677 325 1692 “
436 1699 520 1765 sqq.
551 1688 593 1744 et
620 1678 662 1744 65
692 1677 888 1770 v.20squ.

68 1832 74 1839 ‚
165 1815 190 1853 v.
206 1801 224 1851 4
240 1797 333 1871 sactae
350 1799 432 1865 Ιιοηι.)
443 1800 558 1873 sactum
576 1796 704 1865 hominem
728 1804 761 1856 L.
780 1831 816 1843 -
834 1820 852 1854 a
870 1803 912 1870 se)
938 1802 1033 1855 omittn
1058 1802 1134 1868 cl..
1161 1821 1229 1870 quae
1257 1851 1261 1860 .
1333 1832 1337 1838 ·

90 1870 159 1924 ratio
177 1886 308 1924 mnenon
326 1868 453 1941 displicet.
471 1901 508 1914 -
524 1879 544 1926 5
563 1873 624 1943 qui)
643 1883 670 1924 et
696 1875 720 1926 B
739 1875 762 1925 C
779 1876 803 1926 D
822 1875 846 1927 L
864 1875 902 1927 M.
922 1902 954 1912 -
973 1879 990 1926 6
1008 1872 1064 1941 est)
1083 1890 1133 1926 ont.
1145 1876 1177 1926 'C
1193 1875 1228 1932 D.

84 1942 222 2014 furatum
240 1943 285 2006 M3
305 1942 456 2013 faisseL3
478 1954 530 1995 -est
549 1947 671 2016 juratus
693 1947 725 1999 B.
746 1974 781 1986 -·
800 1936 823 1997 l*
843 1945 912 2012 rem)
938 1961 1048 2007 causam
1073 1947 1097 1996 B
1117 1948 1143 2003 D
1163 1947 1227 1999 DL
1331 1988 1334 1998 .

92 2014 130 2066 M.
151 2043 187 2052 -
206 2013 273 2082 duo)
293 2031 345 2066 om.
363 2015 395 2068 L.
413 2044 448 2055 -
467 2015 556 2085 febres
574 2025 601 2067 et
619 2016 729 2069 maciem
746 2017 776 2067 id
792 2025 833 2068 est
849 2014 964 2080 morbos)
984 2017 1092 2070 Correxi
1110 2035 1144 2071 ex
1171 2017 1227 2070 Ho-

90 2087 150 2137 ratii
169 2101 248 2138 carm.
268 2091 300 2151 1,
317 2091 349 2151 3,
367 2091 404 2139 29
419 2105 479 2154 σῳ,
494 2103 571 2154 quem
593 2091 679 2141 locum
701 2089 812 2142 afferunt
832 2089 855 2141 C
876 2087 940 2139 DL
961 2089 998 2140 M.
1033 2088 1120 2141 innuit
1140 2096 1227 2143 autem
1251 2141 1259 2163 ,

90 2156 238 2223 mythogr..
258 2158 390 2223 ignissusu
415 2160 519 2212 morbos
532 2159 637 2211 omnino
653 2162 730 2212 tertis
751 2161 879 2212 immissos
902 2175 976 2223 esse,
996 2162 1045 2211 nec
1064 2161 1150 2227 febres
1168 2168 1226 2212 tau·
1305 2216 1319 2233 1

90 2233 189 2287 tumet
214 2230 322 2282 mactem
338 2229 367 2282 in
383 2231 487 2297 speeie3
505 2231 594 2298 itaque
617 2239 689 2283 tecte
703 2229 796 2299 febres
814 2237 841 2282 et
860 2230 969 2281 maciem
986 2245 1032 2298 per
1051 2229 1152 2283 morbos
1178 2249 1226 2285 ex·
1289 2264 1295 2273 ·

89 2300 180 2368 plicat.
199 2327 233 2337 —
265 2297 368 2369 febres.
384 2300 414 2351 ic
431 2309 473 2352 est
491 2302 595 2360 macies,
613 2310 641 2351 et
659 2299 761 2353 morbos
778 2305 817 2365 Α,
835 2300 942 2351 maciem
959 2301 1047 2351 idest
1065 2300 1166 2353 morbos
1184 2302 1225 2368 B;

84 2368 183 2441 febres
209 2379 237 2420 et
262 2368 365 2422 morbos
391 2371 429 2437 ῦς
457 2369 580 2431 mulieres
607 2371 665 2438 (cui
690 2375 893 2492 superscrigtum
920 2378 961 2425 est
986 2370 1093 2440 febres)
1127 2373 1158 2423 id
1182 2385 1225 2425 est
1261 2404 1265 2411 ·

89 2441 236 2517 maciesuet
254 2440 357 2511 morbos
374 2442 416 2506 Ι);
433 2439 535 2494 morbos
553 2452 581 2496 et
593 2441 688 2514 febres
705 2444 745 2509 L;
762 2463 818 2496 mor

88 2528 148 2566 rum
167 2513 194 2565 C
212 2513 236 2564 D
253 2513 278 2565 L
300 2514 330 2565 M
350 2520 379 2567 et
400 2516 447 2581 alii
466 2516 552 2568 Servii
572 2515 648 2569 codd.
669 2514 780 2568 addunt:
814 2515 886 2572 sieut
911 2523 940 2565 et
964 2513 1037 2582 saffo
1064 2525 1092 2564 et
1117 2515 1224 2568 esiodus

89 2592 239 2635 memorant
272 2589 340 2651 ete,
366 2584 400 2638 de
431 2587 524 2652 quibus
550 2587 611 2639 vide
630 2587 664 2639 sd
683 2587 737 2652 ΙΙΙ,
760 2592 809 2652 10,
833 2591 876 2638 10.
895 2613 931 2628 -·
954 2589 973 2636 8
998 2585 1116 2656 quoque)
1139 2587 1223 2637 etiam

89 2656 115 2708 C
136 2657 162 2708 D
183 2656 208 2708 L
230 2655 277 2720 Μ;
307 2665 398 2707 autem
420 2658 508 2710 B.··-
527 2659 647 2725 Caucaso
664 2660 766 2728 monte)
795 2666 882 2708 monte
904 2659 1025 2708 Caucaso
1049 2657 1072 2707 C
1092 2656 1115 2709 D
1137 2657 1161 2711 L
1182 2659 1224 2714 M.

88 2736 180 2781 merite
205 2725 334 2795 Scythiae
357 2730 439 2780 Caua.
462 2729 496 2780 Β.
514 2733 586 2782 -9
612 2729 778 2799 religarunt)
803 2728 986 2798 religaverunt
1014 2727 1078 2780 CD
1100 2726 1146 2794 M3
1178 2744 1222 2779 re-

835 2462 864 2495 os
881 2452 909 2494 ct
925 2442 1047 2495 mulieres
1062 2444 1099 2496 M.
1127 2445 1224 2498 Caete-
1323 2473 1328 2482 ·

87 2797 197 2870 ligatus
213 2797 310 2868 fertur
338 2799 377 2849 od
396 2800 495 2870 fatum
517 2801 551 2854 L.
568 2828 603 2840 —
627 2799 752 2851 adhibita
773 2800 869 2868 etiam)
890 2809 918 2850 et
946 2797 1070 2857 adhibita
1094 2796 1135 2850 e's't
1153 2799 1175 2851 C
1196 2801 1231 2852 D'
1325 2823 1328 2828 ·

87 2869 114 2922 L
137 2869 177 2922 Μ.
196 2868 323 2920 adhibens
344 2869 371 2920 ei
396 2870 518 2941 aquilam
538 2873 622 2929 B.-
640 2878 676 2925 10
699 2875 783 2942 quoe)
811 2881 843 2922 ut
864 2871 943 2925 LM·
966 2894 1004 2908 -
1024 2873 1085 2938 ejus
1108 2886 1161 2924 om.
1179 2873 1222 2928 M.
1305 2910 1308 2915 -

87 2942 151 3008 ejus
169 2959 214 2991 cor
235 2942 257 2992 C
277 2941 311 2993 D.
329 2970 364 2980 —
384 2944 416 2993 11
441 2942 526 3011 unde)
545 2944 672 2996 RecteD
690 2945 714 2994 Ι)
729 2943 770 2998 hie
787 2945 919 2996 inserunt:
944 2941 1027 2993 ctiam
1045 2942 1220 2996 Prometheus

87 3012 181 3063 dictus
204 3021 247 3063 est
270 3012 303 3078 (a
329 3006 430 3064 Graeco
453 3012 603 3083 προμήθεια
618 3015 643 3067 L
657 3015 710 3080 M.)
735 3010 787 3067 cini
804 3017 851 3083 τῆς
872 3018 1038 3084 προμηθίας,
1062 3012 1094 3063 id
1117 3024 1159 3065 est
1186 3013 1220 3080 (a

88 3082 217 3149 addit-D)
235 3082 417 3150 providentia.
453 3085 509 3135 Hie
526 3105 570 3156 pr.
588 3095 657 3138 astr.
681 3094 731 3138 etc.
747 3115 783 3127 -
808 3095 835 3136 ct
859 3089 908 3141 Pr.
928 3085 954 3138 d.
975 3083 1151 3153 aprudentia
1175 3085 1218 3149 B;

88 3154 226 3222 sapientia
252 3155 287 3205 L.
309 3184 346 3194 -
368 3156 402 3208 12
424 3156 466 3223 et)
487 3172 538 3209 om.
566 3158 589 3209 G
609 3159 633 3208 Ι)
652 3159 676 3210 L
697 3159 743 3222 M3
771 3167 863 3209 autem
889 3159 962 3210 B-
983 3155 1087 3208 invenit
1105 3152 1232 3208 oelAs-⁴

87 3225 172 3294 syriis
195 3224 274 3278 indic.
293 3226 326 3283 L.
353 3255 389 3267 -
414 3226 547 3297 residens)
569 3246 624 3280 rem
646 3226 676 3278 id
695 3239 736 3280 est
756 3229 794 3292 03
817 3247 870 3279 rem
892 3228 960 3280 idem
980 3226 1014 3280 D·
1032 3254 1067 3266 ·-
1091 3231 1124 3280 13
1145 3229 1218 3295 Cau-

88 3297 164 3360 caso)
186 3295 304 3348 Atlante
326 3298 366 3350 M.
386 3324 422 3336 -
440 3308 527 3350 monte
545 3299 690 3352 ‘altissimo
716 3302 835 3352 Caucaso
856 3299 878 3352 C
901 3299 968 3352 DB
996 3298 1029 3350 L.
1048 3307 1135 3350 monte
1163 3314 1217 3350 om.

87 3368 128 3420 Μ.
150 3394 185 3407 -
208 3385 274 3418 cura
301 3369 547 3438 comprehenderat)
579 3389 602 3423 c.
629 3380 657 3422 et
683 3370 862 3422 sollicitudine
875 3370 1022 3440 prenderat
1049 3371 1072 3424 G
1092 3371 1131 3431 1);
1153 3385 1216 3435 pre-

88 3437 221 3490 lrenderat
237 3438 276 3501 B3
302 3439 456 3509 perviderat
474 3442 498 3494 L
516 3443 555 3498 M.
592 3441 691 3495 Deinde
706 3443 781 3511 pluro
807 3443 1001 3511 interponuntur
1023 3443 1050 3494 iu
1067 3441 1090 3493 B
1109 3441 1131 3492 C
1147 3439 1171 3490 D
1191 3439 1215 3491 L

86 3510 136 3575 M,
167 3510 200 3562 de
217 3511 310 3576 quibus
327 3511 379 3564 vid.
397 3513 430 3563 ad
449 3513 490 3578 ΙΙ,
514 3519 558 3567 65.
576 3542 610 3553 -
630 3517 664 3566 14
689 3513 761 3583 quod
786 3515 841 3581 est)
871 3535 898 3586 q.
921 3510 984 3578 ὄχος
1002 3515 1100 3564 Graece
1116 3518 1158 3561 est
1175 3510 1216 3574 03

87 3580 162 3652 quod
179 3599 245 3630 acea
263 3592 304 3633 cst
321 3584 355 3635 Ι).
374 3586 439 3653 quia
457 3593 537 3636 atrox
562 3602 585 3637 e.
610 3586 633 3636 1.
652 3585 690 3636 M.
715 3583 780 3656 quia
804 3583 875 3636 aeris
899 3584 984 3636 sollie.
1009 3592 1050 3634 est
1074 3583 1107 3635 B.
1132 3579 1215 3630 uineta

86 3669 155 3704 unus
172 3652 278 3704 exhibet
292 3657 324 3709 A.
336 3651 418 3719 ’Ἁχος
436 3671 498 3707 sane
516 3663 557 3708 est
574 3657 733 3720 sollicitudo,
750 3656 823 3721 cujus
841 3656 928 3710 sedem
946 3657 1075 3709 Homerus
1092 3654 1116 3704 iu
1135 3651 1215 3703 corde

85 3726 240 3792 plerumque
259 3741 316 3776 esse
343 3724 414 3778 dicit.
456 3727 547 3795 ltaque
570 3729 726 3794 astrologiae
751 3727 862 3778 studium
887 3727 954 3780 istud
980 3720 1041 3791 ἶὶχός
1065 3729 1119 3786 est,
1145 3722 1214 3788 quod
1240 3724 1242 3729 ’
1304 3744 1310 3749 ·

86 3796 177 3863 exe'djt
192 3795 339 3848 Promethei
358 3812 411 3850 cor.
448 3801 483 3850 nt
499 3815 545 3851 cur
562 3797 678 3868 aquila?
714 3798 782 3850 Num
807 3800 962 3866 astrologiae
988 3797 1099 3851 studium
1123 3800 1213 3846 auctor

86 3868 136 3919 eibi
155 3867 230 3919 finxit
247 3868 380 3932 aquilam?
416 3868 474 3921 Etsi
496 3886 538 3922 res
555 3872 591 3922 its
608 3871 675 3921 hene
699 3869 829 3936 procedit,
856 3869 950 3921 haereo
966 3874 1050 3920 tamen
1069 3865 1236 3919 innomine.

86 3936 166 4004 ἄχος,
192 3938 263 4006 quod
280 3941 313 3990 ab
337 3939 387 3990 hoc
408 3942 466 3992 loco
486 3944 595 3994 alienum
616 3958 673 4008 esse
694 3941 803 3992 videtur.
848 3942 902 3994 Cor
922 3938 981 3992 mihi
1005 3937 1124 3989 exeditur
1146 3935 1214 3987 idem

86 4018 143 4075 est,
167 4011 265 4076 inquit,
287 4027 317 4062 ae
341 4012 394 4063 scri
423 4013 595 4066 sollieitudine
623 4013 731 4064 affectus
755 4028 819 4064 stim.
862 4011 939 4066 Quot
964 4017 992 4062 ut
1018 4010 1108 4060 melius
1136 4008 1212 4057 intet-

85 4083 197 4152 Mgatur.
224 4096 275 4131 non
294 4082 368 4134 video
389 4099 435 4134 eur
457 4086 559 4137 Graeca
581 4099 644 4135 voce
671 4098 736 4150 opus
759 4084 800 4135 eit.
825 4109 861 4120 -
889 4081 957 4152 qua)
984 4080 1048 4151 quio
1075 4080 1106 4129 C.
1126 4106 1159 4114 -
1181 4081 1214 4127 15

85 4150 221 4221 affictus)
245 4152 268 4202 B
296 4153 333 4218 Ι),
360 4163 501 4204 assecutus
527 4159 566 4220 Α,
588 4154 701 4222 effectas
726 4154 763 4217 03
786 4151 909 4220 defectus
933 4152 956 4203 L
983 4150 1020 4203 M.
1039 4177 1072 4187 —
1098 4147 1217 4199 siderum

85 4242 173 4276 omnes
183 4231 274 4274 recatus
288 4222 507 4296 deprehenderat)
523 4226 576 4283 sid.
593 4234 620 4278 et
637 4242 687 4278 οηι.
707 4223 780 4297 depr.
801 4235 867 4285 irent.
880 4224 924 4290 ἓν,
941 4222 1057 4273 sidereos
1077 4217 1155 4283 dent.
1167 4223 1241 4260 mm.
