<?xml version="1.0" encoding="UTF-8"?>
<!DOCTYPE html PUBLIC "-//W3C//DTD XHTML 1.0 Transitional//EN"
    "http://www.w3.org/TR/xhtml1/DTD/xhtml1-transitional.dtd">
<html xmlns="http://www.w3.org/1999/xhtml" xml:lang="en" lang="en">
 <head>
  <title>
</title>
<meta http-equiv="Content-Type" content="text/html;charset=utf-8" />
  <meta name='ocr-system' content='tesseract 3.04.00' />
  <meta name='ocr-capabilities' content='ocr_page ocr_carea ocr_par ocr_line ocrx_word'/>
</head>
<body>
  <div class='ocr_page' id='page_1' title='image "./scriptoresrereu00bodegoog_0229.png"; bbox 0 0 2684 4606; ppageno 0'>
   <div class='ocr_carea' id='block_1_1' title="bbox 160 134 1164 274">
    <p class='ocr_par' dir='ltr' id='par_1_1' title="bbox 160 134 1164 274">
     <span class='ocr_line' id='line_1_1' title="bbox 160 134 1164 274; baseline 0.003 -26"><span class='ocrx_word' id='word_1_1' title='bbox 160 173 246 249; x_wconf 82' lang='lat' dir='ltr'><strong>ana</strong></span> <span class='ocrx_word' id='word_1_2' title='bbox 505 172 687 274; x_wconf 56' lang='lat' dir='ltr'><strong>olymp.</strong></span> <span class='ocrx_word' id='word_1_3' title='bbox 716 173 788 245; x_wconf 87' lang='lat' dir='ltr'><strong>rn.</strong></span> <span class='ocrx_word' id='word_1_4' title='bbox 832 134 896 245; x_wconf 62' lang='lat' dir='ltr'><strong>a(</strong></span> <span class='ocrx_word' id='word_1_5' title='bbox 938 145 1109 247; x_wconf 54' lang='lat'><strong>9410,</strong></span> <span class='ocrx_word' id='word_1_6' title='bbox 1146 230 1164 251; x_wconf 83' lang='lat'><strong>..</strong></span> 
     </span>
    </p>
   </div>
   <div class='ocr_carea' id='block_1_2' title="bbox 166 336 1301 440">
    <p class='ocr_par' dir='ltr' id='par_1_2' title="bbox 166 336 1301 440">
     <span class='ocr_line' id='line_1_2' title="bbox 166 336 1301 440; baseline -0.004 -19"><span class='ocrx_word' id='word_1_7' title='bbox 166 354 316 421; x_wconf 84' lang='lat' dir='ltr'><strong>Romanis</strong></span> <span class='ocrx_word' id='word_1_8' title='bbox 339 354 369 419; x_wconf 95' lang='lat' dir='ltr'><strong>in</strong></span> <span class='ocrx_word' id='word_1_9' title='bbox 403 375 486 419; x_wconf 92' lang='lat' dir='ltr'><strong>anno</strong></span> <span class='ocrx_word' id='word_1_10' title='bbox 515 353 633 420; x_wconf 89' lang='lat' dir='ltr'><strong>tributa</strong></span> <span class='ocrx_word' id='word_1_11' title='bbox 660 336 876 423; x_wconf 79' lang='lat' dir='ltr'><strong>mittebantur.</strong></span> <span class='ocrx_word' id='word_1_12' title='bbox 930 355 1101 421; x_wconf 81' lang='lat' dir='ltr'><strong>Ceraunus</strong></span> <span class='ocrx_word' id='word_1_13' title='bbox 1131 351 1237 440; x_wconf 77' lang='lat' dir='ltr'><strong>igitur</strong></span> <span class='ocrx_word' id='word_1_14' title='bbox 1262 352 1301 418; x_wconf 89' lang='lat' dir='ltr'><strong>ob</strong></span> 
     </span>
    </p>
   </div>
   <div class='ocr_carea' id='block_1_3' title="bbox 1190 37 1333 109">
    <p class='ocr_par' dir='ltr' id='par_1_3' title="bbox 1190 37 1333 109">
     <span class='ocr_line' id='line_1_3' title="bbox 1190 37 1333 109; baseline 0.014 -2"><span class='ocrx_word' id='word_1_15' title='bbox 1190 37 1333 109; x_wconf 67' lang='lat' dir='ltr'><strong>.&#39;·⁶l</strong></span> 
     </span>
    </p>
   </div>
   <div class='ocr_carea' id='block_1_4' title="bbox 162 434 1314 591">
    <p class='ocr_par' dir='ltr' id='par_1_4' title="bbox 162 434 1314 591">
     <span class='ocr_line' id='line_1_4' title="bbox 162 434 1314 591; baseline -0.001 -86"><span class='ocrx_word' id='word_1_16' title='bbox 162 441 328 507; x_wconf 85' lang='lat' dir='ltr'>fulminum</span> <span class='ocrx_word' id='word_1_17' title='bbox 350 451 494 505; x_wconf 82' lang='lat' dir='ltr'><strong>naturam</strong></span> <span class='ocrx_word' id='word_1_18' title='bbox 517 438 549 504; x_wconf 94' lang='lat' dir='ltr'><strong>in</strong></span> <span class='ocrx_word' id='word_1_19' title='bbox 569 439 676 527; x_wconf 80' lang='lat' dir='ltr'><strong>ligura</strong></span> <span class='ocrx_word' id='word_1_20' title='bbox 697 441 815 507; x_wconf 86' lang='lat' dir='ltr'><strong>Leonis</strong></span> <span class='ocrx_word' id='word_1_21' title='bbox 839 440 978 591; x_wconf 72' lang='lat' dir='ltr'><strong>ponitur,</strong></span> <span class='ocrx_word' id='word_1_22' title='bbox 999 438 1088 542; x_wconf 79' lang='lat' dir='ltr'><strong>quod</strong></span> <span class='ocrx_word' id='word_1_23' title='bbox 1109 434 1314 525; x_wconf 82' lang='lat' dir='ltr'><strong>admodum</strong></span> 
     </span>
    </p>
   </div>
   <div class='ocr_carea' id='block_1_5' title="bbox 106 516 837 613">
    <p class='ocr_par' dir='ltr' id='par_1_5' title="bbox 106 516 837 613">
     <span class='ocr_line' id='line_1_5' title="bbox 106 516 837 613; baseline 0.003 -23"><span class='ocrx_word' id='word_1_24' title='bbox 106 543 109 547; x_wconf 85' lang='grc'>’</span> <span class='ocrx_word' id='word_1_25' title='bbox 163 525 301 593; x_wconf 82' lang='lat' dir='ltr'><strong>fulminis</strong></span> <span class='ocrx_word' id='word_1_26' title='bbox 323 526 432 592; x_wconf 88' lang='lat' dir='ltr'><strong>omnia</strong></span> <span class='ocrx_word' id='word_1_27' title='bbox 450 527 644 613; x_wconf 85' lang='lat' dir='ltr'><strong>penetrantis</strong></span> <span class='ocrx_word' id='word_1_28' title='bbox 675 516 772 594; x_wconf 82' lang='lat' dir='ltr'><strong>ardor</strong></span> <span class='ocrx_word' id='word_1_29' title='bbox 801 550 837 593; x_wconf 92' lang='lat' dir='ltr'><strong>so</strong></span> 
     </span>
    </p>
   </div>
   <div class='ocr_carea' id='block_1_6' title="bbox 849 520 1314 615">
    <p class='ocr_par' dir='ltr' id='par_1_6' title="bbox 849 520 1314 615">
     <span class='ocr_line' id='line_1_6' title="bbox 849 520 1314 615; baseline -0.006 -23"><span class='ocrx_word' id='word_1_30' title='bbox 849 529 895 595; x_wconf 82' lang='lat' dir='ltr'><strong>is.</strong></span> <span class='ocrx_word' id='word_1_31' title='bbox 923 548 1098 615; x_wconf 78' lang='lat' dir='ltr'><strong>praecipue</strong></span> <span class='ocrx_word' id='word_1_32' title='bbox 1117 524 1253 612; x_wconf 86' lang='lat' dir='ltr'><strong>quando</strong></span> <span class='ocrx_word' id='word_1_33' title='bbox 1272 520 1314 589; x_wconf 85' lang='lat' dir='ltr'><strong>in&#39;·</strong></span> 
     </span>
    </p>
   </div>
   <div class='ocr_carea' id='block_1_7' title="bbox 138 611 1323 870">
    <p class='ocr_par' dir='ltr' id='par_1_7' title="bbox 138 611 1323 870">
     <span class='ocr_line' id='line_1_7' title="bbox 163 611 1318 698; baseline -0.001 -21"><span class='ocrx_word' id='word_1_34' title='bbox 163 612 277 677; x_wconf 79' lang='lat' dir='ltr'><strong>henne</strong></span> <span class='ocrx_word' id='word_1_35' title='bbox 290 622 349 690; x_wconf 81' lang='lat' dir='ltr'><strong>est,</strong></span> <span class='ocrx_word' id='word_1_36' title='bbox 373 633 482 678; x_wconf 87' lang='lat' dir='ltr'><strong>mense</strong></span> <span class='ocrx_word' id='word_1_37' title='bbox 503 614 659 698; x_wconf 62' lang='lat' dir='ltr'><strong>Augusto,</strong></span> <span class='ocrx_word' id='word_1_38' title='bbox 677 614 787 680; x_wconf 70' lang='lat' dir='ltr'><strong>‘omnia</strong></span> <span class='ocrx_word' id='word_1_39' title='bbox 812 611 921 679; x_wconf 85' lang='lat' dir='ltr'><strong>viridia</strong></span> <span class='ocrx_word' id='word_1_40' title='bbox 944 621 1111 678; x_wconf 88' lang='lat' dir='ltr'><strong>consumat</strong></span> <span class='ocrx_word' id='word_1_41' title='bbox 1126 623 1161 677; x_wconf 91' lang='lat' dir='ltr'><strong>et</strong></span> <span class='ocrx_word' id='word_1_42' title='bbox 1179 620 1318 677; x_wconf 77' lang='lat' dir='ltr'><strong>exurat·</strong></span> 
     </span>
     <span class='ocr_line' id='line_1_8' title="bbox 138 694 1323 787; baseline -0.002 -25"><span class='ocrx_word' id='word_1_43' title='bbox 138 698 209 762; x_wconf 72' lang='lat' dir='ltr'><strong>afli</strong></span> <span class='ocrx_word' id='word_1_44' title='bbox 238 709 302 764; x_wconf 88' lang='lat' dir='ltr'><strong>tres</strong></span> <span class='ocrx_word' id='word_1_45' title='bbox 329 696 451 785; x_wconf 90' lang='lat' dir='ltr'><strong>lapides</strong></span> <span class='ocrx_word' id='word_1_46' title='bbox 480 696 595 763; x_wconf 79' lang='lat' dir='ltr'><strong>faciam</strong></span> <span class='ocrx_word' id='word_1_47' title='bbox 630 698 703 765; x_wconf 89' lang='lat' dir='ltr'><strong>solis</strong></span> <span class='ocrx_word' id='word_1_48' title='bbox 732 699 959 776; x_wconf 81' lang='lat' dir='ltr'><strong>occuluerunt,</strong></span> <span class='ocrx_word' id='word_1_49' title='bbox 992 699 1068 787; x_wconf 87' lang='lat' dir='ltr'><strong>quia</strong></span> <span class='ocrx_word' id='word_1_50' title='bbox 1098 695 1178 762; x_wconf 89' lang='lat' dir='ltr'><strong>dum</strong></span> <span class='ocrx_word' id='word_1_51' title='bbox 1201 697 1250 764; x_wconf 82' lang='lat' dir='ltr'><strong>sol</strong></span> <span class='ocrx_word' id='word_1_52' title='bbox 1271 694 1323 761; x_wconf 81' lang='lat' dir='ltr'><strong>in&#39;·¹</strong></span> 
     </span>
     <span class='ocr_line' id='line_1_9' title="bbox 161 779 1311 870; baseline -0.001 -23"><span class='ocrx_word' id='word_1_53' title='bbox 161 779 496 870; x_wconf 81' lang='lat' dir='ltr'><strong>praedictis&#39;moratur</strong></span> <span class='ocrx_word' id='word_1_54' title='bbox 526 783 644 868; x_wconf 79' lang='lat' dir='ltr'><strong>signis,</strong></span> <span class='ocrx_word' id='word_1_55' title='bbox 684 787 725 850; x_wconf 92' lang='lat' dir='ltr'><strong>ob</strong></span> <span class='ocrx_word' id='word_1_56' title='bbox 756 786 882 851; x_wconf 79' lang='lat' dir='ltr'><strong>nimiam</strong></span> <span class='ocrx_word' id='word_1_57' title='bbox 907 784 974 850; x_wconf 79' lang='lat' dir='ltr'><strong>e⁰us</strong></span> <span class='ocrx_word' id='word_1_58' title='bbox 1005 780 1230 855; x_wconf 86' lang='lat' dir='ltr'><strong>claritudinem</strong></span> <span class='ocrx_word' id='word_1_59' title='bbox 1257 782 1311 857; x_wconf 80' lang='lat' dir='ltr'><strong>in-.;</strong></span> 
     </span>
    </p>
   </div>
   <div class='ocr_carea' id='block_1_8' title="bbox 113 867 1303 1056">
    <p class='ocr_par' dir='ltr' id='par_1_8' title="bbox 113 867 1303 1056">
     <span class='ocr_line' id='line_1_10' title="bbox 161 867 1303 943; baseline -0.003 -8"><span class='ocrx_word' id='word_1_60' title='bbox 161 869 276 935; x_wconf 81' lang='lat' dir='ltr'><strong>mitum</strong></span> <span class='ocrx_word' id='word_1_61' title='bbox 299 869 330 934; x_wconf 94' lang='lat' dir='ltr'><strong>in</strong></span> <span class='ocrx_word' id='word_1_62' title='bbox 353 891 426 934; x_wconf 90' lang='lat' dir='ltr'><strong>eum</strong></span> <span class='ocrx_word' id='word_1_63' title='bbox 449 867 512 933; x_wconf 85' lang='lat' dir='ltr'><strong>dcli</strong></span> <span class='ocrx_word' id='word_1_64' title='bbox 538 891 594 934; x_wconf 88' lang='lat' dir='ltr'><strong>ere</strong></span> <span class='ocrx_word' id='word_1_65' title='bbox 615 892 678 934; x_wconf 93' lang='lat' dir='ltr'><strong>non</strong></span> <span class='ocrx_word' id='word_1_66' title='bbox 700 871 793 937; x_wconf 82' lang='lat' dir='ltr'><strong>facile</strong></span> <span class='ocrx_word' id='word_1_67' title='bbox 816 872 865 936; x_wconf 89' lang='lat' dir='ltr'><strong>sit.</strong></span> <span class='ocrx_word' id='word_1_68' title='bbox 949 892 968 935; x_wconf 85' lang='lat' dir='ltr'><strong>c</strong></span> <span class='ocrx_word' id='word_1_69' title='bbox 989 869 1205 935; x_wconf 83' lang='lat' dir='ltr'><strong>Geminorum</strong></span> <span class='ocrx_word' id='word_1_70' title='bbox 1226 889 1303 943; x_wconf 83' lang='lat' dir='ltr'><strong>vcro¹</strong></span> 
     </span>
     <span class='ocr_line' id='line_1_11' title="bbox 113 890 1299 1056; baseline 0.001 -38"><span class='ocrx_word' id='word_1_71' title='bbox 113 954 116 967; x_wconf 77' lang='grc'>’</span> <span class='ocrx_word' id='word_1_72' title='bbox 162 953 284 1020; x_wconf 80' lang='lat' dir='ltr'><strong>fronte</strong></span> <span class='ocrx_word' id='word_1_73' title='bbox 308 971 438 1040; x_wconf 84' lang='lat' dir='ltr'><strong>gemma</strong></span> <span class='ocrx_word' id='word_1_74' title='bbox 467 890 586 1056; x_wconf 61' lang='lat' dir='ltr'><strong>lycbnis</strong></span> <span class='ocrx_word' id='word_1_75' title='bbox 616 968 747 1043; x_wconf 87' lang='lat' dir='ltr'><strong>propter</strong></span> <span class='ocrx_word' id='word_1_76' title='bbox 772 956 853 1023; x_wconf 91' lang='lat' dir='ltr'><strong>illins</strong></span> <span class='ocrx_word' id='word_1_77' title='bbox 883 955 1017 1034; x_wconf 78' lang='lat' dir='ltr'><strong>mensis,</strong></span> <span class='ocrx_word' id='word_1_78' title='bbox 1055 953 1087 1020; x_wconf 93' lang='lat' dir='ltr'><strong>id</strong></span> <span class='ocrx_word' id='word_1_79' title='bbox 1120 963 1186 1035; x_wconf 80' lang='lat' dir='ltr'><strong>est·</strong></span> <span class='ocrx_word' id='word_1_80' title='bbox 1203 953 1299 1033; x_wconf 74' lang='lat' dir='ltr'><strong>duali,-</strong></span> 
     </span>
    </p>
   </div>
   <div class='ocr_carea' id='block_1_9' title="bbox 160 1038 1333 1129">
    <p class='ocr_par' dir='ltr' id='par_1_9' title="bbox 160 1038 1333 1129">
     <span class='ocr_line' id='line_1_12' title="bbox 160 1038 1333 1129; baseline 0.007 -26"><span class='ocrx_word' id='word_1_81' title='bbox 160 1038 425 1127; x_wconf 87' lang='lat' dir='ltr'><strong>pulchritudinem</strong></span> <span class='ocrx_word' id='word_1_82' title='bbox 445 1053 477 1106; x_wconf 92' lang='lat' dir='ltr'><strong>et</strong></span> <span class='ocrx_word' id='word_1_83' title='bbox 493 1039 726 1129; x_wconf 82' lang='lat' dir='ltr'><strong>Jrrcunditatem</strong></span> <span class='ocrx_word' id='word_1_84' title='bbox 741 1041 857 1109; x_wconf 88' lang='lat' dir='ltr'><strong>dicitnr</strong></span> <span class='ocrx_word' id='word_1_85' title='bbox 877 1051 1035 1121; x_wconf 81' lang='lat' dir='ltr'><strong>assumta3</strong></span> <span class='ocrx_word' id='word_1_86' title='bbox 1055 1040 1132 1128; x_wconf 86' lang='lat' dir='ltr'><strong>quia</strong></span> <span class='ocrx_word' id='word_1_87' title='bbox 1155 1038 1301 1107; x_wconf 77' lang='lat' dir='ltr'><strong>videficet</strong></span> <span class='ocrx_word' id='word_1_88' title='bbox 1331 1056 1333 1111; x_wconf 87' lang='lat' dir='ltr'><strong>l</strong></span> 
     </span>
    </p>
   </div>
   <div class='ocr_carea' id='block_1_10' title="bbox 120 1122 1299 1215">
    <p class='ocr_par' dir='ltr' id='par_1_10' title="bbox 120 1122 1299 1215">
     <span class='ocr_line' id='line_1_13' title="bbox 120 1122 1299 1215; baseline 0.002 -27"><span class='ocrx_word' id='word_1_89' title='bbox 120 1136 196 1192; x_wconf 84' lang='lat' dir='ltr'><strong>luet</strong></span> <span class='ocrx_word' id='word_1_90' title='bbox 217 1126 250 1190; x_wconf 90' lang='lat' dir='ltr'><strong>in</strong></span> <span class='ocrx_word' id='word_1_91' title='bbox 270 1127 435 1191; x_wconf 82' lang='lat' dir='ltr'><strong>anteriore</strong></span> <span class='ocrx_word' id='word_1_92' title='bbox 451 1138 541 1212; x_wconf 89' lang='lat' dir='ltr'><strong>parte</strong></span> <span class='ocrx_word' id='word_1_93' title='bbox 570 1126 702 1193; x_wconf 90' lang='lat' dir='ltr'><strong>hominis</strong></span> <span class='ocrx_word' id='word_1_94' title='bbox 723 1139 791 1194; x_wconf 87' lang='lat' dir='ltr'><strong>tota</strong></span> <span class='ocrx_word' id='word_1_95' title='bbox 818 1127 885 1215; x_wconf 87' lang='lat' dir='ltr'><strong>ejus</strong></span> <span class='ocrx_word' id='word_1_96' title='bbox 913 1125 1120 1214; x_wconf 86' lang='lat' dir='ltr'><strong>pulchritudo</strong></span> <span class='ocrx_word' id='word_1_97' title='bbox 1152 1122 1299 1191; x_wconf 86' lang='lat' dir='ltr'><strong>consida-</strong></span> 
     </span>
    </p>
   </div>
   <div class='ocr_carea' id='block_1_11' title="bbox 160 1206 1328 1387">
    <p class='ocr_par' dir='ltr' id='par_1_11' title="bbox 160 1206 1328 1387">
     <span class='ocr_line' id='line_1_14' title="bbox 160 1206 1328 1300; baseline 0 -24"><span class='ocrx_word' id='word_1_98' title='bbox 160 1212 264 1289; x_wconf 78' lang='lat' dir='ltr'><strong>ietur,</strong></span> <span class='ocrx_word' id='word_1_99' title='bbox 303 1222 335 1277; x_wconf 90' lang='lat' dir='ltr'><strong>et</strong></span> <span class='ocrx_word' id='word_1_100' title='bbox 361 1212 392 1277; x_wconf 94' lang='lat' dir='ltr'><strong>in</strong></span> <span class='ocrx_word' id='word_1_101' title='bbox 423 1213 527 1277; x_wconf 79' lang='lat' dir='ltr'><strong>fronte</strong></span> <span class='ocrx_word' id='word_1_102' title='bbox 556 1233 619 1277; x_wconf 93' lang='lat' dir='ltr'><strong>non</strong></span> <span class='ocrx_word' id='word_1_103' title='bbox 649 1235 746 1300; x_wconf 86' lang='lat' dir='ltr'><strong>parva</strong></span> <span class='ocrx_word' id='word_1_104' title='bbox 775 1212 1014 1300; x_wconf 79' lang='lat' dir='ltr'><strong>pulchritudinis</strong></span> <span class='ocrx_word' id='word_1_105' title='bbox 1043 1235 1119 1299; x_wconf 85' lang='lat' dir='ltr'><strong>pars</strong></span> <span class='ocrx_word' id='word_1_106' title='bbox 1150 1206 1328 1299; x_wconf 44' lang='lat' dir='ltr'><strong>notatum</strong></span> 
     </span>
     <span class='ocr_line' id='line_1_15' title="bbox 161 1295 1324 1387; baseline 0 -26"><span class='ocrx_word' id='word_1_107' title='bbox 161 1295 203 1361; x_wconf 88' lang='lat' dir='ltr'><strong>de</strong></span> <span class='ocrx_word' id='word_1_108' title='bbox 234 1296 353 1362; x_wconf 85' lang='lat' dir='ltr'><strong>Cancri</strong></span> <span class='ocrx_word' id='word_1_109' title='bbox 394 1300 528 1362; x_wconf 86' lang='lat' dir='ltr'><strong>cerebro</strong></span> <span class='ocrx_word' id='word_1_110' title='bbox 567 1298 692 1365; x_wconf 83' lang='lat' dir='ltr'><strong>astrites</strong></span> <span class='ocrx_word' id='word_1_111' title='bbox 730 1310 861 1387; x_wconf 84' lang='lat' dir='ltr'><strong>propter</strong></span> <span class='ocrx_word' id='word_1_112' title='bbox 897 1298 1097 1377; x_wconf 81' lang='lat' dir='ltr'><strong>eminentiam</strong></span> <span class='ocrx_word' id='word_1_113' title='bbox 1135 1296 1298 1363; x_wconf 88' lang='lat' dir='ltr'><strong>stellarum</strong></span> <span class='ocrx_word' id='word_1_114' title='bbox 1316 1310 1324 1339; x_wconf 91' lang='lat'><strong>-&#39;</strong></span> 
     </span>
    </p>
   </div>
   <div class='ocr_carea' id='block_1_12' title="bbox 35 1381 1298 1479">
    <p class='ocr_par' dir='ltr' id='par_1_12' title="bbox 35 1381 1298 1479">
     <span class='ocr_line' id='line_1_16' title="bbox 35 1381 1298 1479; baseline -0.003 -29"><span class='ocrx_word' id='word_1_115' title='bbox 35 1406 82 1479; x_wconf 14' lang='lat'><strong>¹:-</strong></span> <span class='ocrx_word' id='word_1_116' title='bbox 160 1382 228 1470; x_wconf 87' lang='lat' dir='ltr'><strong>ejus</strong></span> <span class='ocrx_word' id='word_1_117' title='bbox 250 1393 283 1448; x_wconf 91' lang='lat' dir='ltr'><strong>et</strong></span> <span class='ocrx_word' id='word_1_118' title='bbox 301 1381 493 1460; x_wconf 66' lang='lat' dir='ltr'><strong>claritatem</strong></span> <span class='ocrx_word' id='word_1_119' title='bbox 527 1400 685 1454; x_wconf 82' lang='lat' dir='ltr'><strong>ceraunus</strong></span> <span class='ocrx_word' id='word_1_120' title='bbox 707 1388 749 1451; x_wconf 87' lang='lat' dir='ltr'><strong>ab</strong></span> <span class='ocrx_word' id='word_1_121' title='bbox 779 1384 879 1450; x_wconf 91' lang='lat' dir='ltr'><strong>oculis</strong></span> <span class='ocrx_word' id='word_1_122' title='bbox 906 1383 1028 1449; x_wconf 84' lang='lat' dir='ltr'><strong>Leonis</strong></span> <span class='ocrx_word' id='word_1_123' title='bbox 1059 1395 1196 1471; x_wconf 87' lang='lat' dir='ltr'><strong>propter</strong></span> <span class='ocrx_word' id='word_1_124' title='bbox 1227 1382 1298 1447; x_wconf 82' lang='lat' dir='ltr'><strong>leri-</strong></span> 
     </span>
    </p>
   </div>
   <div class='ocr_carea' id='block_1_13' title="bbox 159 1466 1320 1559">
    <p class='ocr_par' dir='ltr' id='par_1_13' title="bbox 159 1466 1320 1559">
     <span class='ocr_line' id='line_1_17' title="bbox 159 1466 1320 1559; baseline 0 -26"><span class='ocrx_word' id='word_1_125' title='bbox 159 1479 258 1535; x_wconf 87' lang='lat' dir='ltr'><strong>tatem</strong></span> <span class='ocrx_word' id='word_1_126' title='bbox 291 1469 434 1551; x_wconf 83' lang='lat' dir='ltr'><strong>ardoris3</strong></span> <span class='ocrx_word' id='word_1_127' title='bbox 472 1470 608 1536; x_wconf 89' lang='lat' dir='ltr'><strong>maxime</strong></span> <span class='ocrx_word' id='word_1_128' title='bbox 643 1470 727 1536; x_wconf 89' lang='lat' dir='ltr'><strong>enim</strong></span> <span class='ocrx_word' id='word_1_129' title='bbox 746 1471 869 1538; x_wconf 72' lang='lat' dir='ltr'><strong>¹feritas</strong></span> <span class='ocrx_word' id='word_1_130' title='bbox 904 1471 936 1535; x_wconf 93' lang='lat' dir='ltr'><strong>in</strong></span> <span class='ocrx_word' id='word_1_131' title='bbox 967 1468 1066 1559; x_wconf 84' lang='lat' dir='ltr'><strong>oculis</strong></span> <span class='ocrx_word' id='word_1_132' title='bbox 1102 1466 1320 1557; x_wconf 83' lang='lat' dir='ltr'><strong>conspicitur·</strong></span> 
     </span>
    </p>
   </div>
   <div class='ocr_carea' id='block_1_14' title="bbox 117 1552 313 1620">
    <p class='ocr_par' dir='ltr' id='par_1_14' title="bbox 117 1552 313 1620">
     <span class='ocr_line' id='line_1_18' title="bbox 117 1552 313 1620; baseline 0.015 -5"><span class='ocrx_word' id='word_1_133' title='bbox 117 1552 313 1620; x_wconf 75' lang='lat' dir='ltr'><strong>laleonum&#39;&#39;.</strong></span> 
     </span>
    </p>
   </div>
   <div class='ocr_carea' id='block_1_15' title="bbox 157 1725 1296 1983">
    <p class='ocr_par' dir='ltr' id='par_1_15' title="bbox 157 1725 1296 1983">
     <span class='ocr_line' id='line_1_19' title="bbox 159 1725 834 1813; baseline 0 -21"><span class='ocrx_word' id='word_1_134' title='bbox 159 1737 192 1791; x_wconf 88' lang='lat' dir='ltr'><strong>et</strong></span> <span class='ocrx_word' id='word_1_135' title='bbox 207 1725 372 1811; x_wconf 87' lang='lat' dir='ltr'><strong>signorum</strong></span> <span class='ocrx_word' id='word_1_136' title='bbox 395 1725 529 1799; x_wconf 87' lang='lat' dir='ltr'><strong>vernalis</strong></span> <span class='ocrx_word' id='word_1_137' title='bbox 543 1725 706 1813; x_wconf 72' lang='lat' dir='ltr'><strong>temporis,</strong></span> <span class='ocrx_word' id='word_1_138' title='bbox 729 1725 761 1791; x_wconf 93' lang='lat' dir='ltr'><strong>id</strong></span> <span class='ocrx_word' id='word_1_139' title='bbox 784 1736 834 1792; x_wconf 90' lang='lat' dir='ltr'><strong>est</strong></span> 
     </span>
     <span class='ocr_line' id='line_1_20' title="bbox 157 1806 1295 1899; baseline -0.004 -23"><span class='ocrx_word' id='word_1_140' title='bbox 157 1806 268 1897; x_wconf 65' lang='lat' dir='ltr'><strong>tppum</strong></span> <span class='ocrx_word' id='word_1_141' title='bbox 290 1822 427 1895; x_wconf 83' lang='lat' dir='ltr'><strong>gerunt,</strong></span> <span class='ocrx_word' id='word_1_142' title='bbox 464 1810 539 1898; x_wconf 75' lang='lat' dir='ltr'><strong>quia</strong></span> <span class='ocrx_word' id='word_1_143' title='bbox 568 1810 644 1877; x_wconf 92' lang='lat' dir='ltr'><strong>dum</strong></span> <span class='ocrx_word' id='word_1_144' title='bbox 664 1811 715 1877; x_wconf 94' lang='lat' dir='ltr'><strong>illa</strong></span> <span class='ocrx_word' id='word_1_145' title='bbox 743 1811 790 1879; x_wconf 89' lang='lat' dir='ltr'><strong>sol</strong></span> <span class='ocrx_word' id='word_1_146' title='bbox 813 1823 974 1899; x_wconf 85' lang='lat' dir='ltr'><strong>permeat,</strong></span> <span class='ocrx_word' id='word_1_147' title='bbox 1011 1821 1118 1876; x_wconf 84' lang='lat' dir='ltr'><strong>terrac</strong></span> <span class='ocrx_word' id='word_1_148' title='bbox 1140 1807 1247 1872; x_wconf 86' lang='lat' dir='ltr'><strong>virere</strong></span> <span class='ocrx_word' id='word_1_149' title='bbox 1267 1817 1295 1873; x_wconf 86' lang='lat' dir='ltr'><strong>et</strong></span> 
     </span>
     <span class='ocr_line' id='line_1_21' title="bbox 159 1891 1296 1983; baseline -0.001 -24"><span class='ocrx_word' id='word_1_150' title='bbox 159 1897 256 1959; x_wconf 87' lang='lat' dir='ltr'><strong>flores</strong></span> <span class='ocrx_word' id='word_1_151' title='bbox 273 1894 341 1983; x_wconf 88' lang='lat' dir='ltr'><strong>jam</strong></span> <span class='ocrx_word' id='word_1_152' title='bbox 365 1893 544 1982; x_wconf 87' lang='lat' dir='ltr'><strong>producere</strong></span> <span class='ocrx_word' id='word_1_153' title='bbox 570 1896 730 1983; x_wconf 85' lang='lat' dir='ltr'><strong>incipiant.</strong></span> <span class='ocrx_word' id='word_1_154' title='bbox 773 1897 888 1962; x_wconf 79' lang='lat' dir='ltr'><strong>Dictus</strong></span> <span class='ocrx_word' id='word_1_155' title='bbox 910 1908 959 1964; x_wconf 89' lang='lat' dir='ltr'><strong>est</strong></span> <span class='ocrx_word' id='word_1_156' title='bbox 980 1906 1087 1962; x_wconf 88' lang='lat' dir='ltr'><strong>autem</strong></span> <span class='ocrx_word' id='word_1_157' title='bbox 1104 1891 1296 1980; x_wconf 79' lang='lat' dir='ltr'><strong>smaragdus</strong></span> 
     </span>
    </p>
   </div>
   <div class='ocr_carea' id='block_1_16' title="bbox 242 1633 1317 1804">
    <p class='ocr_par' dir='ltr' id='par_1_16' title="bbox 242 1633 1317 1804">
     <span class='ocr_line' id='line_1_22' title="bbox 242 1633 1314 1790; baseline -0.004 -86"><span class='ocrx_word' id='word_1_158' title='bbox 242 1641 274 1704; x_wconf 87' lang='grc'><strong>9.</strong></span> <span class='ocrx_word' id='word_1_159' title='bbox 317 1639 558 1727; x_wconf 59' lang='lat' dir='ltr'><strong>“smaragdum</strong></span> <span class='ocrx_word' id='word_1_160' title='bbox 601 1639 720 1730; x_wconf 86' lang='lat' dir='ltr'><strong>scythis</strong></span> <span class='ocrx_word' id='word_1_161' title='bbox 750 1652 783 1708; x_wconf 91' lang='lat' dir='ltr'><strong>et</strong></span> <span class='ocrx_word' id='word_1_162' title='bbox 809 1639 905 1790; x_wconf 62' lang='lat' dir='ltr'><strong>iaslpis</strong></span> <span class='ocrx_word' id='word_1_163' title='bbox 935 1638 1162 1739; x_wconf 33' lang='lat' dir='ltr'><strong>lapidesnsunt</strong></span> <span class='ocrx_word' id='word_1_164' title='bbox 1184 1633 1314 1736; x_wconf 69' lang='lat' dir='ltr'><strong>virides·-</strong></span> 
     </span>
     <span class='ocr_line' id='line_1_23' title="bbox 863 1722 1317 1804; baseline -0.007 -14"><span class='ocrx_word' id='word_1_165' title='bbox 863 1724 998 1804; x_wconf 58' lang='lat' dir='ltr'><strong>«iscium‚</strong></span> <span class='ocrx_word' id='word_1_166' title='bbox 1020 1724 1135 1787; x_wconf 82' lang='lat' dir='ltr'><strong>Arvetrs</strong></span> <span class='ocrx_word' id='word_1_167' title='bbox 1152 1731 1188 1788; x_wconf 87' lang='lat' dir='ltr'><strong>et</strong></span> <span class='ocrx_word' id='word_1_168' title='bbox 1199 1722 1296 1789; x_wconf 79' lang='lat' dir='ltr'><strong>&#39;l&#39;aun</strong></span> <span class='ocrx_word' id='word_1_169' title='bbox 1314 1778 1317 1787; x_wconf 94' lang='lat'><em>.</em></span> 
     </span>
    </p>
   </div>
   <div class='ocr_carea' id='block_1_17' title="bbox 86 1977 1327 2057">
    <p class='ocr_par' dir='ltr' id='par_1_17' title="bbox 86 1977 1327 2057">
     <span class='ocr_line' id='line_1_24' title="bbox 86 1977 1327 2057; baseline 0 -13"><span class='ocrx_word' id='word_1_170' title='bbox 86 2050 88 2057; x_wconf 59' lang='grc'>,</span> <span class='ocrx_word' id='word_1_171' title='bbox 116 1981 201 2050; x_wconf 77' lang='lat' dir='ltr'><strong>acab</strong></span> <span class='ocrx_word' id='word_1_172' title='bbox 237 1980 479 2044; x_wconf 81' lang='lat' dir='ltr'><strong>amaritudine</strong></span> <span class='ocrx_word' id='word_1_173' title='bbox 514 1981 556 2046; x_wconf 95' lang='lat' dir='ltr'><strong>ob</strong></span> <span class='ocrx_word' id='word_1_174' title='bbox 590 1983 717 2048; x_wconf 86' lang='lat' dir='ltr'><strong>nimiam</strong></span> <span class='ocrx_word' id='word_1_175' title='bbox 754 1981 952 2049; x_wconf 82' lang='lat' dir='ltr'><strong>viriditatem.</strong></span> <span class='ocrx_word' id='word_1_176' title='bbox 1008 1977 1181 2053; x_wconf 84' lang='lat' dir='ltr'><strong>Quaelibet</strong></span> <span class='ocrx_word' id='word_1_177' title='bbox 1216 1979 1293 2044; x_wconf 86' lang='lat' dir='ltr'><strong>enim</strong></span> <span class='ocrx_word' id='word_1_178' title='bbox 1324 2028 1327 2033; x_wconf 76' lang='lat'><em>,</em></span> 
     </span>
    </p>
   </div>
   <div class='ocr_carea' id='block_1_18' title="bbox 25 2065 1294 2499">
    <p class='ocr_par' dir='ltr' id='par_1_18' title="bbox 25 2065 1294 2499">
     <span class='ocr_line' id='line_1_25' title="bbox 71 2065 1294 2151; baseline 0.002 -24"><span class='ocrx_word' id='word_1_179' title='bbox 71 2103 82 2127; x_wconf 58' lang='lat' dir='ltr'><strong>a</strong></span> <span class='ocrx_word' id='word_1_180' title='bbox 159 2065 323 2130; x_wconf 88' lang='lat' dir='ltr'><strong>nascentia</strong></span> <span class='ocrx_word' id='word_1_181' title='bbox 344 2066 421 2130; x_wconf 91' lang='lat' dir='ltr'><strong>dum</strong></span> <span class='ocrx_word' id='word_1_182' title='bbox 443 2065 552 2130; x_wconf 88' lang='lat' dir='ltr'><strong>viridia</strong></span> <span class='ocrx_word' id='word_1_183' title='bbox 575 2079 658 2141; x_wconf 75' lang='lat' dir='ltr'><strong>sunt,</strong></span> <span class='ocrx_word' id='word_1_184' title='bbox 680 2091 790 2134; x_wconf 87' lang='lat' dir='ltr'><strong>amara</strong></span> <span class='ocrx_word' id='word_1_185' title='bbox 810 2078 892 2133; x_wconf 89' lang='lat' dir='ltr'><strong>sunt.</strong></span> <span class='ocrx_word' id='word_1_186' title='bbox 936 2067 998 2134; x_wconf 83' lang='lat' dir='ltr'><strong>Est</strong></span> <span class='ocrx_word' id='word_1_187' title='bbox 1013 2087 1150 2151; x_wconf 85' lang='lat' dir='ltr'><strong>namquo</strong></span> <span class='ocrx_word' id='word_1_188' title='bbox 1167 2085 1294 2151; x_wconf 82' lang='lat' dir='ltr'><strong>gemma</strong></span> 
     </span>
     <span class='ocr_line' id='line_1_26' title="bbox 158 2149 1293 2252; baseline 0 -37"><span class='ocrx_word' id='word_1_189' title='bbox 158 2149 346 2222; x_wconf 83' lang='lat' dir='ltr'><strong>viridissima</strong></span> <span class='ocrx_word' id='word_1_190' title='bbox 365 2149 449 2216; x_wconf 87' lang='lat' dir='ltr'><strong>ultra</strong></span> <span class='ocrx_word' id='word_1_191' title='bbox 471 2166 581 2218; x_wconf 87' lang='lat' dir='ltr'><strong>omnes</strong></span> <span class='ocrx_word' id='word_1_192' title='bbox 616 2154 732 2219; x_wconf 88' lang='lat' dir='ltr'><strong>berbas</strong></span> <span class='ocrx_word' id='word_1_193' title='bbox 755 2166 787 2221; x_wconf 91' lang='lat' dir='ltr'><strong>et</strong></span> <span class='ocrx_word' id='word_1_194' title='bbox 808 2153 948 2219; x_wconf 87' lang='lat' dir='ltr'><strong>frondes.</strong></span> <span class='ocrx_word' id='word_1_195' title='bbox 1003 2151 1142 2239; x_wconf 44' lang='lat' dir='ltr'><strong>Scythis*</strong></span> <span class='ocrx_word' id='word_1_196' title='bbox 1162 2172 1184 2215; x_wconf 85' lang='lat' dir='ltr'><strong>a</strong></span> <span class='ocrx_word' id='word_1_197' title='bbox 1213 2151 1293 2252; x_wconf 64' lang='lat' dir='ltr'><strong>Spy-</strong></span> 
     </span>
     <span class='ocr_line' id='line_1_27' title="bbox 46 2235 1292 2328; baseline 0.002 -29"><span class='ocrx_word' id='word_1_198' title='bbox 46 2315 50 2328; x_wconf 34' lang='lat'><strong><em>¹</em></strong></span> <span class='ocrx_word' id='word_1_199' title='bbox 157 2236 253 2314; x_wconf 67' lang='lat' dir='ltr'><strong>altio,</strong></span> <span class='ocrx_word' id='word_1_200' title='bbox 274 2235 306 2299; x_wconf 90' lang='lat' dir='ltr'><strong>in</strong></span> <span class='ocrx_word' id='word_1_201' title='bbox 330 2258 414 2324; x_wconf 71' lang='lat' dir='ltr'><strong>qua,</strong></span> <span class='ocrx_word' id='word_1_202' title='bbox 434 2247 470 2302; x_wconf 92' lang='lat' dir='ltr'><strong>ut</strong></span> <span class='ocrx_word' id='word_1_203' title='bbox 490 2236 596 2326; x_wconf 79' lang='lat' dir='ltr'><strong>ajunt,</strong></span> <span class='ocrx_word' id='word_1_204' title='bbox 613 2238 787 2320; x_wconf 90' lang='lat' dir='ltr'><strong>invenitur;</strong></span> <span class='ocrx_word' id='word_1_205' title='bbox 807 2239 905 2328; x_wconf 88' lang='lat' dir='ltr'><strong>iaspis</strong></span> <span class='ocrx_word' id='word_1_206' title='bbox 926 2239 967 2304; x_wconf 91' lang='lat' dir='ltr'><strong>ab</strong></span> <span class='ocrx_word' id='word_1_207' title='bbox 989 2236 1130 2324; x_wconf 79' lang='lat' dir='ltr'><strong>aspide,</strong></span> <span class='ocrx_word' id='word_1_208' title='bbox 1151 2236 1185 2300; x_wconf 93' lang='lat' dir='ltr'><strong>in</strong></span> <span class='ocrx_word' id='word_1_209' title='bbox 1208 2254 1292 2325; x_wconf 73' lang='lat' dir='ltr'><strong>cujus</strong></span> 
     </span>
     <span class='ocr_line' id='line_1_28' title="bbox 158 2321 1292 2412; baseline 0.001 -26"><span class='ocrx_word' id='word_1_210' title='bbox 158 2323 294 2387; x_wconf 84' lang='lat' dir='ltr'><strong>cerebro</strong></span> <span class='ocrx_word' id='word_1_211' title='bbox 316 2321 447 2387; x_wconf 92' lang='lat' dir='ltr'><strong>inveniri</strong></span> <span class='ocrx_word' id='word_1_212' title='bbox 468 2322 580 2390; x_wconf 82' lang='lat' dir='ltr'><strong>fertur.</strong></span> <span class='ocrx_word' id='word_1_213' title='bbox 635 2326 719 2392; x_wconf 88' lang='lat' dir='ltr'><strong>Sunt</strong></span> <span class='ocrx_word' id='word_1_214' title='bbox 738 2336 847 2392; x_wconf 88' lang='lat' dir='ltr'><strong>autem</strong></span> <span class='ocrx_word' id='word_1_215' title='bbox 876 2321 1006 2412; x_wconf 88' lang='lat' dir='ltr'><strong>iaspidis</strong></span> <span class='ocrx_word' id='word_1_216' title='bbox 1032 2321 1133 2388; x_wconf 87' lang='lat' dir='ltr'><strong>multa</strong></span> <span class='ocrx_word' id='word_1_217' title='bbox 1161 2342 1292 2410; x_wconf 80' lang='lat' dir='ltr'><strong>genera,</strong></span> 
     </span>
     <span class='ocr_line' id='line_1_29' title="bbox 25 2406 1293 2499; baseline -0.003 -24"><span class='ocrx_word' id='word_1_218' title='bbox 25 2482 30 2488; x_wconf 54' lang='grc'><em>,</em></span> <span class='ocrx_word' id='word_1_219' title='bbox 114 2407 239 2475; x_wconf 69' lang='lat' dir='ltr'><strong>adinter</strong></span> <span class='ocrx_word' id='word_1_220' title='bbox 262 2429 345 2496; x_wconf 88' lang='lat' dir='ltr'><strong>quae</strong></span> <span class='ocrx_word' id='word_1_221' title='bbox 366 2409 461 2475; x_wconf 87' lang='lat' dir='ltr'><strong>etiam</strong></span> <span class='ocrx_word' id='word_1_222' title='bbox 491 2408 630 2490; x_wconf 85' lang='lat' dir='ltr'><strong>fulvum,</strong></span> <span class='ocrx_word' id='word_1_223' title='bbox 666 2432 730 2499; x_wconf 83' lang='lat' dir='ltr'><strong>quo</strong></span> <span class='ocrx_word' id='word_1_224' title='bbox 755 2411 905 2479; x_wconf 89' lang='lat' dir='ltr'><strong>dicuntur</strong></span> <span class='ocrx_word' id='word_1_225' title='bbox 927 2406 1095 2476; x_wconf 86' lang='lat' dir='ltr'><strong>daemonia</strong></span> <span class='ocrx_word' id='word_1_226' title='bbox 1128 2417 1163 2474; x_wconf 87' lang='lat' dir='ltr'><strong>et</strong></span> <span class='ocrx_word' id='word_1_227' title='bbox 1192 2407 1293 2474; x_wconf 91' lang='lat' dir='ltr'><strong>omnia</strong></span> 
     </span>
    </p>
   </div>
   <div class='ocr_carea' id='block_1_19' title="bbox 149 2490 1323 2671">
    <p class='ocr_par' dir='ltr' id='par_1_19' title="bbox 149 2490 1323 2671">
     <span class='ocr_line' id='line_1_30' title="bbox 149 2490 1323 2586; baseline 0.001 -29"><span class='ocrx_word' id='word_1_228' title='bbox 149 2493 266 2580; x_wconf 85' lang='lat' dir='ltr'><strong>&#39;sagari</strong></span> <span class='ocrx_word' id='word_1_229' title='bbox 285 2494 517 2582; x_wconf 89' lang='lat' dir='ltr'><strong>phantasmata.</strong></span> <span class='ocrx_word' id='word_1_230' title='bbox 575 2496 811 2586; x_wconf 88' lang='lat' dir='ltr'><strong>Heliotropius‚</strong></span> <span class='ocrx_word' id='word_1_231' title='bbox 860 2495 1022 2562; x_wconf 86' lang='lat' dir='ltr'><strong>dendrites</strong></span> <span class='ocrx_word' id='word_1_232' title='bbox 1043 2495 1084 2560; x_wconf 62' lang='lat' dir='ltr'><strong>‘et</strong></span> <span class='ocrx_word' id='word_1_233' title='bbox 1104 2490 1293 2583; x_wconf 78' lang='lat' dir='ltr'><strong>hyacintbus</strong></span> <span class='ocrx_word' id='word_1_234' title='bbox 1320 2548 1323 2553; x_wconf 82' lang='grc'><em>,</em></span> 
     </span>
     <span class='ocr_line' id='line_1_31' title="bbox 157 2579 1315 2671; baseline -0.003 -25"><span class='ocrx_word' id='word_1_235' title='bbox 157 2580 322 2666; x_wconf 83' lang='lat' dir='ltr'><strong>signorum</strong></span> <span class='ocrx_word' id='word_1_236' title='bbox 346 2581 574 2647; x_wconf 84' lang='lat' dir='ltr'><strong>autumnalium</strong></span> <span class='ocrx_word' id='word_1_237' title='bbox 595 2583 680 2649; x_wconf 86' lang='lat' dir='ltr'><strong>vices</strong></span> <span class='ocrx_word' id='word_1_238' title='bbox 701 2583 887 2671; x_wconf 86' lang='lat' dir='ltr'><strong>exprimunt</strong></span> <span class='ocrx_word' id='word_1_239' title='bbox 941 2581 1003 2648; x_wconf 84' lang='lat' dir='ltr'><strong>Est</strong></span> <span class='ocrx_word' id='word_1_240' title='bbox 1029 2579 1114 2644; x_wconf 86' lang='lat' dir='ltr'><strong>enim</strong></span> <span class='ocrx_word' id='word_1_241' title='bbox 1145 2579 1315 2657; x_wconf 57' lang='lat' dir='ltr'><strong>heliotrm</strong></span> 
     </span>
    </p>
   </div>
   <div class='ocr_carea' id='block_1_20' title="bbox 115 2665 1292 3013">
    <p class='ocr_par' dir='ltr' id='par_1_20' title="bbox 115 2665 1292 3013">
     <span class='ocr_line' id='line_1_32' title="bbox 156 2665 1292 2766; baseline 0 -36"><span class='ocrx_word' id='word_1_242' title='bbox 156 2666 228 2766; x_wconf 88' lang='lat' dir='ltr'><strong>pius</strong></span> <span class='ocrx_word' id='word_1_243' title='bbox 250 2689 378 2754; x_wconf 85' lang='lat' dir='ltr'><strong>quoque</strong></span> <span class='ocrx_word' id='word_1_244' title='bbox 399 2667 478 2754; x_wconf 90' lang='lat' dir='ltr'><strong>lapis</strong></span> <span class='ocrx_word' id='word_1_245' title='bbox 509 2665 633 2748; x_wconf 81' lang='lat' dir='ltr'><strong>viridis,</strong></span> <span class='ocrx_word' id='word_1_246' title='bbox 667 2671 861 2755; x_wconf 84' lang='lat' dir='ltr'><strong>sanguineas</strong></span> <span class='ocrx_word' id='word_1_247' title='bbox 884 2668 1006 2734; x_wconf 88' lang='lat' dir='ltr'><strong>habens</strong></span> <span class='ocrx_word' id='word_1_248' title='bbox 1028 2687 1135 2730; x_wconf 89' lang='lat' dir='ltr'><strong>venas.</strong></span> <span class='ocrx_word' id='word_1_249' title='bbox 1176 2665 1292 2747; x_wconf 69' lang='lat' dir='ltr'><strong>Missus</strong></span> 
     </span>
     <span class='ocr_line' id='line_1_33' title="bbox 156 2750 1292 2842; baseline 0.003 -27"><span class='ocrx_word' id='word_1_250' title='bbox 156 2773 187 2815; x_wconf 86' lang='lat' dir='ltr'><strong>rn</strong></span> <span class='ocrx_word' id='word_1_251' title='bbox 210 2764 396 2838; x_wconf 77' lang='lat' dir='ltr'><strong>argenteam</strong></span> <span class='ocrx_word' id='word_1_252' title='bbox 419 2752 532 2842; x_wconf 82' lang='lat' dir='ltr'><strong>pelvim</strong></span> <span class='ocrx_word' id='word_1_253' title='bbox 554 2776 638 2839; x_wconf 82' lang='lat' dir='ltr'><strong>aqua</strong></span> <span class='ocrx_word' id='word_1_254' title='bbox 659 2753 783 2842; x_wconf 86' lang='lat' dir='ltr'><strong>plenam</strong></span> <span class='ocrx_word' id='word_1_255' title='bbox 804 2753 913 2820; x_wconf 88' lang='lat' dir='ltr'><strong>radios</strong></span> <span class='ocrx_word' id='word_1_256' title='bbox 935 2753 1008 2818; x_wconf 84' lang='lat' dir='ltr'><strong>solis</strong></span> <span class='ocrx_word' id='word_1_257' title='bbox 1029 2750 1292 2836; x_wconf 81' lang='lat' dir='ltr'><strong>insanguineum</strong></span> 
     </span>
     <span class='ocr_line' id='line_1_34' title="bbox 115 2836 1292 2925; baseline -0.002 -21"><span class='ocrx_word' id='word_1_258' title='bbox 115 2839 396 2924; x_wconf 80' lang='lat' dir='ltr'><strong>aoobscurumque</strong></span> <span class='ocrx_word' id='word_1_259' title='bbox 431 2838 523 2905; x_wconf 90' lang='lat' dir='ltr'><strong>vertit</strong></span> <span class='ocrx_word' id='word_1_260' title='bbox 553 2839 701 2905; x_wconf 90' lang='lat' dir='ltr'><strong>colorem.</strong></span> <span class='ocrx_word' id='word_1_261' title='bbox 761 2841 860 2906; x_wconf 88' lang='lat' dir='ltr'><strong>Hunc</strong></span> <span class='ocrx_word' id='word_1_262' title='bbox 897 2837 1032 2925; x_wconf 87' lang='lat' dir='ltr'><strong>lapidem</strong></span> <span class='ocrx_word' id='word_1_263' title='bbox 1065 2837 1091 2902; x_wconf 92' lang='lat' dir='ltr'><strong>si</strong></span> <span class='ocrx_word' id='word_1_264' title='bbox 1122 2836 1195 2923; x_wconf 86' lang='lat' dir='ltr'><strong>quis</strong></span> <span class='ocrx_word' id='word_1_265' title='bbox 1224 2858 1292 2904; x_wconf 89' lang='lat' dir='ltr'><strong>cum</strong></span> 
     </span>
     <span class='ocr_line' id='line_1_35' title="bbox 156 2922 1292 3013; baseline 0.003 -27"><span class='ocrx_word' id='word_1_266' title='bbox 156 2923 257 2987; x_wconf 88' lang='lat' dir='ltr'><strong>herba</strong></span> <span class='ocrx_word' id='word_1_267' title='bbox 279 2923 422 3012; x_wconf 84' lang='lat' dir='ltr'><strong>ejusdem</strong></span> <span class='ocrx_word' id='word_1_268' title='bbox 451 2924 603 3004; x_wconf 83' lang='lat' dir='ltr'><strong>nominis,</strong></span> <span class='ocrx_word' id='word_1_269' title='bbox 645 2923 748 2991; x_wconf 87' lang='lat' dir='ltr'><strong>idest</strong></span> <span class='ocrx_word' id='word_1_270' title='bbox 776 2925 963 3013; x_wconf 87' lang='lat' dir='ltr'><strong>heliotropia</strong></span> <span class='ocrx_word' id='word_1_271' title='bbox 990 2923 1105 3011; x_wconf 86' lang='lat' dir='ltr'><strong>(qnam</strong></span> <span class='ocrx_word' id='word_1_272' title='bbox 1127 2922 1292 3007; x_wconf 88' lang='lat' dir='ltr'><strong>proverbia</strong></span> 
     </span>
    </p>
   </div>
   <div class='ocr_carea' id='block_1_21' title="bbox 156 3006 1326 3160">
    <p class='ocr_par' dir='ltr' id='par_1_21' title="bbox 156 3006 1326 3160">
     <span class='ocr_line' id='line_1_36' title="bbox 156 3006 1326 3160; baseline 0.002 -89"><span class='ocrx_word' id='word_1_273' title='bbox 156 3018 318 3093; x_wconf 77' lang='lat' dir='ltr'><strong>sponsam</strong></span> <span class='ocrx_word' id='word_1_274' title='bbox 347 3009 429 3072; x_wconf 87' lang='lat' dir='ltr'><strong>solis</strong></span> <span class='ocrx_word' id='word_1_275' title='bbox 457 3034 476 3075; x_wconf 88' lang='lat' dir='ltr'><strong>a</strong></span> <span class='ocrx_word' id='word_1_276' title='bbox 508 3009 614 3076; x_wconf 83' lang='lat' dir='ltr'><strong>sabula</strong></span> <span class='ocrx_word' id='word_1_277' title='bbox 641 3010 692 3076; x_wconf 91' lang='lat' dir='ltr'><strong>illa</strong></span> <span class='ocrx_word' id='word_1_278' title='bbox 721 3009 763 3075; x_wconf 91' lang='lat' dir='ltr'><strong>de</strong></span> <span class='ocrx_word' id='word_1_279' title='bbox 793 3014 892 3100; x_wconf 67' lang='lat' dir='ltr'><strong>Gyge</strong></span> <span class='ocrx_word' id='word_1_280' title='bbox 918 3008 1025 3160; x_wconf 50' lang='lat' dir='ltr'><strong>Lgvdio</strong></span> <span class='ocrx_word' id='word_1_281' title='bbox 1055 3009 1228 3077; x_wconf 87' lang='lat' dir='ltr'><strong>confictam</strong></span> <span class='ocrx_word' id='word_1_282' title='bbox 1248 3006 1292 3074; x_wconf 88' lang='lat' dir='ltr'><strong>di-</strong></span> <span class='ocrx_word' id='word_1_283' title='bbox 1323 3008 1326 3017; x_wconf 88' lang='lat'>&#39;</span> 
     </span>
    </p>
   </div>
   <div class='ocr_carea' id='block_1_22' title="bbox 51 3093 1293 3272">
    <p class='ocr_par' dir='ltr' id='par_1_22' title="bbox 51 3093 1293 3272">
     <span class='ocr_line' id='line_1_37' title="bbox 51 3093 1293 3184; baseline 0.004 -29"><span class='ocrx_word' id='word_1_284' title='bbox 51 3140 59 3155; x_wconf 51' lang='lat' dir='ltr'><strong>s</strong></span> <span class='ocrx_word' id='word_1_285' title='bbox 157 3093 252 3177; x_wconf 80' lang='lat' dir='ltr'><strong>cunt)</strong></span> <span class='ocrx_word' id='word_1_286' title='bbox 273 3095 522 3176; x_wconf 84' lang='lat' dir='ltr'><strong>commiscuerit,</strong></span> <span class='ocrx_word' id='word_1_287' title='bbox 557 3109 591 3162; x_wconf 86' lang='lat' dir='ltr'><strong>et</strong></span> <span class='ocrx_word' id='word_1_288' title='bbox 612 3118 757 3184; x_wconf 77' lang='lat' dir='ltr'><strong>congrua</strong></span> <span class='ocrx_word' id='word_1_289' title='bbox 779 3098 919 3164; x_wconf 88' lang='lat' dir='ltr'><strong>carmina</strong></span> <span class='ocrx_word' id='word_1_290' title='bbox 963 3094 1073 3169; x_wconf 78' lang='lat' dir='ltr'><strong>inerit,</strong></span> <span class='ocrx_word' id='word_1_291' title='bbox 1104 3093 1238 3160; x_wconf 91' lang='lat' dir='ltr'><strong>aliorum</strong></span> <span class='ocrx_word' id='word_1_292' title='bbox 1258 3114 1293 3160; x_wconf 80' lang='lat' dir='ltr'><strong>se</strong></span> 
     </span>
     <span class='ocr_line' id='line_1_38' title="bbox 89 3179 1292 3272; baseline 0.002 -29"><span class='ocrx_word' id='word_1_293' title='bbox 89 3231 95 3243; x_wconf 75' lang='grc'><strong><em>.</em></strong></span> <span class='ocrx_word' id='word_1_294' title='bbox 157 3180 276 3246; x_wconf 90' lang='lat' dir='ltr'><strong>visibus</strong></span> <span class='ocrx_word' id='word_1_295' title='bbox 308 3179 424 3246; x_wconf 82' lang='lat' dir='ltr'><strong>aufert.</strong></span> <span class='ocrx_word' id='word_1_296' title='bbox 479 3181 629 3269; x_wconf 87' lang='lat' dir='ltr'><strong>Optimus</strong></span> <span class='ocrx_word' id='word_1_297' title='bbox 659 3181 803 3250; x_wconf 90' lang='lat' dir='ltr'><strong>inludia</strong></span> <span class='ocrx_word' id='word_1_298' title='bbox 825 3180 1176 3272; x_wconf 82' lang='lat' dir='ltr'><strong>Libydqueinvenitur.</strong></span> <span class='ocrx_word' id='word_1_299' title='bbox 1235 3179 1292 3245; x_wconf 83' lang='lat' dir='ltr'><strong>Est</strong></span> 
     </span>
    </p>
   </div>
   <div class='ocr_carea' id='block_1_23' title="bbox 114 3263 1323 3437">
    <p class='ocr_par' dir='ltr' id='par_1_23' title="bbox 114 3263 1323 3437">
     <span class='ocr_line' id='line_1_39' title="bbox 114 3263 1319 3352; baseline 0.001 -22"><span class='ocrx_word' id='word_1_300' title='bbox 114 3276 265 3336; x_wconf 72' lang='lat' dir='ltr'><strong>sonutam</strong></span> <span class='ocrx_word' id='word_1_301' title='bbox 286 3263 363 3352; x_wconf 91' lang='lat' dir='ltr'><strong>lapis</strong></span> <span class='ocrx_word' id='word_1_302' title='bbox 389 3265 591 3352; x_wconf 81' lang='lat' dir='ltr'><strong>splendidus,</strong></span> <span class='ocrx_word' id='word_1_303' title='bbox 634 3290 710 3334; x_wconf 89' lang='lat' dir='ltr'><strong>cum</strong></span> <span class='ocrx_word' id='word_1_304' title='bbox 731 3280 804 3335; x_wconf 87' lang='lat' dir='ltr'><strong>ortu</strong></span> <span class='ocrx_word' id='word_1_305' title='bbox 829 3269 903 3336; x_wconf 83' lang='lat' dir='ltr'><strong>s&#39;olis</strong></span> <span class='ocrx_word' id='word_1_306' title='bbox 933 3279 967 3334; x_wconf 87' lang='lat' dir='ltr'><strong>et</strong></span> <span class='ocrx_word' id='word_1_307' title='bbox 1000 3288 1121 3331; x_wconf 89' lang='lat' dir='ltr'><strong>occasu</strong></span> <span class='ocrx_word' id='word_1_308' title='bbox 1154 3264 1319 3331; x_wconf 84' lang='lat' dir='ltr'><strong>colorem</strong></span> 
     </span>
     <span class='ocr_line' id='line_1_40' title="bbox 157 3343 1323 3437; baseline 0.002 -21"><span class='ocrx_word' id='word_1_309' title='bbox 157 3364 299 3437; x_wconf 84' lang='lat' dir='ltr'><strong>mutans3</strong></span> <span class='ocrx_word' id='word_1_310' title='bbox 329 3350 416 3416; x_wconf 86' lang='lat' dir='ltr'><strong>unde</strong></span> <span class='ocrx_word' id='word_1_311' title='bbox 438 3364 470 3419; x_wconf 91' lang='lat' dir='ltr'><strong>et</strong></span> <span class='ocrx_word' id='word_1_312' title='bbox 492 3352 680 3420; x_wconf 88' lang='lat' dir='ltr'><strong>vocabulum</strong></span> <span class='ocrx_word' id='word_1_313' title='bbox 701 3354 805 3423; x_wconf 81' lang='lat' dir='ltr'><strong>traxit.</strong></span> <span class='ocrx_word' id='word_1_314' title='bbox 863 3354 948 3419; x_wconf 91' lang='lat' dir='ltr'><strong>Nam</strong></span> <span class='ocrx_word' id='word_1_315' title='bbox 967 3348 1061 3436; x_wconf 75' lang='grc' dir='ltr'><em>ἥλιος</em></span> <span class='ocrx_word' id='word_1_316' title='bbox 1082 3350 1151 3428; x_wconf 81' lang='lat' dir='ltr'><strong>sol,</strong></span> <span class='ocrx_word' id='word_1_317' title='bbox 1170 3343 1292 3437; x_wconf 74' lang='grc' dir='ltr'><strong><em>τρόπος</em></strong></span> <span class='ocrx_word' id='word_1_318' title='bbox 1320 3392 1323 3397; x_wconf 76' lang='lat'><em>,</em></span> 
     </span>
    </p>
   </div>
   <div class='ocr_carea' id='block_1_24' title="bbox 89 3434 1303 3528">
    <p class='ocr_par' dir='ltr' id='par_1_24' title="bbox 89 3434 1303 3528">
     <span class='ocr_line' id='line_1_41' title="bbox 89 3434 1303 3528; baseline 0.001 -29"><span class='ocrx_word' id='word_1_319' title='bbox 89 3484 98 3499; x_wconf 36' lang='lat' dir='ltr'><strong>a</strong></span> <span class='ocrx_word' id='word_1_320' title='bbox 157 3435 332 3500; x_wconf 74' lang='lat' dir='ltr'><strong>anteversio</strong></span> <span class='ocrx_word' id='word_1_321' title='bbox 354 3438 600 3524; x_wconf 84' lang='lat' dir='ltr'><strong>interpretatur,</strong></span> <span class='ocrx_word' id='word_1_322' title='bbox 630 3440 704 3527; x_wconf 89' lang='lat' dir='ltr'><strong>quia</strong></span> <span class='ocrx_word' id='word_1_323' title='bbox 719 3439 811 3528; x_wconf 82' lang='lat' dir='ltr'><strong>juxta</strong></span> <span class='ocrx_word' id='word_1_324' title='bbox 832 3440 906 3507; x_wconf 87' lang='lat' dir='ltr'><strong>solis</strong></span> <span class='ocrx_word' id='word_1_325' title='bbox 926 3434 1157 3503; x_wconf 88' lang='lat' dir='ltr'><strong>vicissitudines</strong></span> <span class='ocrx_word' id='word_1_326' title='bbox 1180 3434 1303 3502; x_wconf 85' lang='lat' dir='ltr'><strong>coloris·</strong></span> 
     </span>
    </p>
   </div>
   <div class='ocr_carea' id='block_1_25' title="bbox 115 3517 1292 3709">
    <p class='ocr_par' dir='ltr' id='par_1_25' title="bbox 115 3517 1292 3709">
     <span class='ocr_line' id='line_1_42' title="bbox 158 3517 1292 3611; baseline 0.002 -27"><span class='ocrx_word' id='word_1_327' title='bbox 158 3517 346 3588; x_wconf 80' lang='lat' dir='ltr'><strong>variationes</strong></span> <span class='ocrx_word' id='word_1_328' title='bbox 369 3523 518 3611; x_wconf 86' lang='lat' dir='ltr'><strong>patiatur.</strong></span> <span class='ocrx_word' id='word_1_329' title='bbox 562 3523 629 3590; x_wconf 81' lang='lat' dir='ltr'><strong>sed</strong></span> <span class='ocrx_word' id='word_1_330' title='bbox 652 3536 686 3591; x_wconf 92' lang='lat' dir='ltr'><strong>et</strong></span> <span class='ocrx_word' id='word_1_331' title='bbox 707 3524 807 3592; x_wconf 85' lang='lat' dir='ltr'><strong>lrerba</strong></span> <span class='ocrx_word' id='word_1_332' title='bbox 829 3525 928 3593; x_wconf 90' lang='lat' dir='ltr'><strong>solem</strong></span> <span class='ocrx_word' id='word_1_333' title='bbox 950 3523 1041 3609; x_wconf 87' lang='lat' dir='ltr'><strong>sequi</strong></span> <span class='ocrx_word' id='word_1_334' title='bbox 1059 3521 1292 3609; x_wconf 71' lang='lat' dir='ltr'><strong>dicitur‚=quia‚</strong></span> 
     </span>
     <span class='ocr_line' id='line_1_43' title="bbox 115 3605 1292 3709; baseline 0 -37"><span class='ocrx_word' id='word_1_335' title='bbox 115 3676 117 3683; x_wconf 68' lang='grc'><strong>,</strong></span> <span class='ocrx_word' id='word_1_336' title='bbox 159 3620 194 3673; x_wconf 91' lang='lat' dir='ltr'><strong>ut</strong></span> <span class='ocrx_word' id='word_1_337' title='bbox 215 3608 319 3709; x_wconf 83' lang='lat' dir='ltr'><strong>ajunt,</strong></span> <span class='ocrx_word' id='word_1_338' title='bbox 362 3632 494 3696; x_wconf 86' lang='lat' dir='ltr'><strong>vespere</strong></span> <span class='ocrx_word' id='word_1_339' title='bbox 523 3608 708 3686; x_wconf 83' lang='lat' dir='ltr'><strong>claudatur,</strong></span> <span class='ocrx_word' id='word_1_340' title='bbox 746 3635 840 3678; x_wconf 89' lang='lat' dir='ltr'><strong>mane</strong></span> <span class='ocrx_word' id='word_1_341' title='bbox 871 3610 1049 3699; x_wconf 85' lang='lat' dir='ltr'><strong>aperiatur,</strong></span> <span class='ocrx_word' id='word_1_342' title='bbox 1085 3617 1225 3695; x_wconf 76' lang='lat' dir='ltr'><strong>totoque·</strong></span> <span class='ocrx_word' id='word_1_343' title='bbox 1241 3605 1292 3673; x_wconf 84' lang='lat' dir='ltr'><strong>die</strong></span> 
     </span>
    </p>
   </div>
   <div class='ocr_carea' id='block_1_26' title="bbox 119 3692 1319 3784">
    <p class='ocr_par' dir='ltr' id='par_1_26' title="bbox 119 3692 1319 3784">
     <span class='ocr_line' id='line_1_44' title="bbox 119 3692 1319 3784; baseline -0.003 -21"><span class='ocrx_word' id='word_1_344' title='bbox 119 3693 253 3763; x_wconf 71' lang='lat' dir='ltr'><strong>doflous</strong></span> <span class='ocrx_word' id='word_1_345' title='bbox 287 3693 336 3760; x_wconf 90' lang='lat' dir='ltr'><strong>sui</strong></span> <span class='ocrx_word' id='word_1_346' title='bbox 372 3694 549 3784; x_wconf 83' lang='lat' dir='ltr'><strong>explicitam</strong></span> <span class='ocrx_word' id='word_1_347' title='bbox 583 3695 779 3764; x_wconf 88' lang='lat' dir='ltr'><strong>latitudinem</strong></span> <span class='ocrx_word' id='word_1_348' title='bbox 813 3699 843 3763; x_wconf 94' lang='lat' dir='ltr'><strong>in</strong></span> <span class='ocrx_word' id='word_1_349' title='bbox 879 3695 986 3762; x_wconf 88' lang='lat' dir='ltr'><strong>radios</strong></span> <span class='ocrx_word' id='word_1_350' title='bbox 1027 3692 1100 3760; x_wconf 85' lang='lat' dir='ltr'><strong>solis</strong></span> <span class='ocrx_word' id='word_1_351' title='bbox 1140 3696 1319 3761; x_wconf 73' lang='lat' dir='ltr'><strong>obvertat&#39;</strong></span> 
     </span>
    </p>
   </div>
   <div class='ocr_carea' id='block_1_27' title="bbox 158 3778 1291 3880">
    <p class='ocr_par' dir='ltr' id='par_1_27' title="bbox 158 3778 1291 3880">
     <span class='ocr_line' id='line_1_45' title="bbox 158 3778 1291 3880; baseline 0.004 -38"><span class='ocrx_word' id='word_1_352' title='bbox 158 3778 254 3843; x_wconf 87' lang='lat' dir='ltr'><strong>Haeo</strong></span> <span class='ocrx_word' id='word_1_353' title='bbox 275 3801 405 3880; x_wconf 75' lang='lat' dir='ltr'><strong>gemma</strong></span> <span class='ocrx_word' id='word_1_354' title='bbox 426 3784 456 3848; x_wconf 93' lang='lat' dir='ltr'><strong>in</strong></span> <span class='ocrx_word' id='word_1_355' title='bbox 489 3782 629 3871; x_wconf 87' lang='lat' dir='ltr'><strong>speciem</strong></span> <span class='ocrx_word' id='word_1_356' title='bbox 658 3783 788 3869; x_wconf 88' lang='lat' dir='ltr'><strong>ponitur</strong></span> <span class='ocrx_word' id='word_1_357' title='bbox 815 3783 955 3867; x_wconf 75' lang='lat' dir='ltr'><strong>Virginis</strong></span> <span class='ocrx_word' id='word_1_358' title='bbox 984 3782 1026 3845; x_wconf 92' lang='lat' dir='ltr'><strong>ob</strong></span> <span class='ocrx_word' id='word_1_359' title='bbox 1042 3778 1131 3845; x_wconf 79' lang='lat' dir='ltr'><strong>&#39;solis</strong></span> <span class='ocrx_word' id='word_1_360' title='bbox 1166 3779 1291 3846; x_wconf 88' lang='lat' dir='ltr'><strong>claritu-</strong></span> 
     </span>
    </p>
   </div>
   <div class='ocr_carea' id='block_1_28' title="bbox 158 3861 1316 3956">
    <p class='ocr_par' dir='ltr' id='par_1_28' title="bbox 158 3861 1316 3956">
     <span class='ocr_line' id='line_1_46' title="bbox 158 3861 1316 3956; baseline 0.003 -30"><span class='ocrx_word' id='word_1_361' title='bbox 158 3861 281 3937; x_wconf 81' lang='lat' dir='ltr'><strong>dinem,</strong></span> <span class='ocrx_word' id='word_1_362' title='bbox 314 3888 345 3930; x_wconf 84' lang='lat' dir='ltr'><strong>rn</strong></span> <span class='ocrx_word' id='word_1_363' title='bbox 374 3866 413 3933; x_wconf 81' lang='lat' dir='ltr'><strong>eo</strong></span> <span class='ocrx_word' id='word_1_364' title='bbox 443 3867 551 3934; x_wconf 88' lang='lat' dir='ltr'><strong>adbuc</strong></span> <span class='ocrx_word' id='word_1_365' title='bbox 572 3869 665 3953; x_wconf 74' lang='lat' dir='ltr'><strong>siguo</strong></span> <span class='ocrx_word' id='word_1_366' title='bbox 689 3891 798 3934; x_wconf 87' lang='lat' dir='ltr'><strong>mense</strong></span> <span class='ocrx_word' id='word_1_367' title='bbox 821 3867 1002 3956; x_wconf 84' lang='lat' dir='ltr'><strong>Septembri</strong></span> <span class='ocrx_word' id='word_1_368' title='bbox 1026 3866 1209 3932; x_wconf 62' lang='lat' dir='ltr'><strong>currentis’t</strong></span> <span class='ocrx_word' id='word_1_369' title='bbox 1312 3898 1316 3905; x_wconf 94' lang='lat'>·</span> 
     </span>
    </p>
   </div>
   <div class='ocr_carea' id='block_1_29' title="bbox 245 3951 1292 4040">
    <p class='ocr_par' dir='ltr' id='par_1_29' title="bbox 245 3951 1292 4040">
     <span class='ocr_line' id='line_1_47' title="bbox 245 3951 1292 4040; baseline 0.004 -26"><span class='ocrx_word' id='word_1_370' title='bbox 245 3951 295 4015; x_wconf 85' lang='lat'><strong>10.</strong></span> <span class='ocrx_word' id='word_1_371' title='bbox 339 3952 524 4019; x_wconf 75' lang='lat' dir='ltr'><strong>“llendritis</strong></span> <span class='ocrx_word' id='word_1_372' title='bbox 553 3952 631 4040; x_wconf 89' lang='lat' dir='ltr'><strong>lapis</strong></span> <span class='ocrx_word' id='word_1_373' title='bbox 666 3964 715 4020; x_wconf 86' lang='lat' dir='ltr'><strong>est</strong></span> <span class='ocrx_word' id='word_1_374' title='bbox 742 3953 925 4029; x_wconf 71' lang='lat' dir='ltr'><strong>arboreus,</strong></span> <span class='ocrx_word' id='word_1_375' title='bbox 958 3953 1021 4017; x_wconf 89' lang='lat' dir='ltr'><strong>boc</strong></span> <span class='ocrx_word' id='word_1_376' title='bbox 1056 3963 1106 4018; x_wconf 88' lang='lat' dir='ltr'><strong>est</strong></span> <span class='ocrx_word' id='word_1_377' title='bbox 1140 3951 1292 4039; x_wconf 76' lang='lat' dir='ltr'><strong>sucinum.</strong></span> 
     </span>
    </p>
   </div>
   <div class='ocr_carea' id='block_1_30' title="bbox 118 4032 1319 4211">
    <p class='ocr_par' dir='ltr' id='par_1_30' title="bbox 118 4032 1319 4211">
     <span class='ocr_line' id='line_1_48' title="bbox 159 4032 1305 4126; baseline 0.004 -28"><span class='ocrx_word' id='word_1_378' title='bbox 159 4032 243 4099; x_wconf 90' lang='lat' dir='ltr'><strong>Nam</strong></span> <span class='ocrx_word' id='word_1_379' title='bbox 263 4035 399 4122; x_wconf 71' lang='grc' dir='ltr'><strong>δένδρον</strong></span> <span class='ocrx_word' id='word_1_380' title='bbox 419 4038 540 4116; x_wconf 75' lang='lat' dir='ltr'><strong>arbor,</strong></span> <span class='ocrx_word' id='word_1_381' title='bbox 579 4032 703 4126; x_wconf 64' lang='lat' dir='ltr'><strong>pdssdo&#39;g</strong></span> <span class='ocrx_word' id='word_1_382' title='bbox 732 4041 837 4126; x_wconf 76' lang='lat' dir='ltr'><strong>virg-a</strong></span> <span class='ocrx_word' id='word_1_383' title='bbox 862 4038 984 4106; x_wconf 84' lang='lat' dir='ltr'><strong>dicitnr.</strong></span> <span class='ocrx_word' id='word_1_384' title='bbox 1038 4037 1130 4112; x_wconf 83' lang='lat' dir='ltr'><strong>Quae</strong></span> <span class='ocrx_word' id='word_1_385' title='bbox 1164 4060 1305 4125; x_wconf 46' lang='lat' dir='ltr'><strong>gemma·</strong></span> 
     </span>
     <span class='ocr_line' id='line_1_49' title="bbox 118 4118 1319 4211; baseline 0.002 -24"><span class='ocrx_word' id='word_1_386' title='bbox 118 4118 279 4189; x_wconf 75' lang='lat' dir='ltr'><strong>tobibrac</strong></span> <span class='ocrx_word' id='word_1_387' title='bbox 311 4120 422 4199; x_wconf 84' lang='lat' dir='ltr'><strong>dator,</strong></span> <span class='ocrx_word' id='word_1_388' title='bbox 455 4125 529 4209; x_wconf 86' lang='lat' dir='ltr'><strong>quia</strong></span> <span class='ocrx_word' id='word_1_389' title='bbox 560 4125 686 4191; x_wconf 84' lang='lat' dir='ltr'><strong>circiter</strong></span> <span class='ocrx_word' id='word_1_390' title='bbox 715 4126 910 4200; x_wconf 87' lang='lat' dir='ltr'><strong>Octobrem,</strong></span> <span class='ocrx_word' id='word_1_391' title='bbox 940 4120 1013 4189; x_wconf 86' lang='lat' dir='ltr'><strong>solo¹</strong></span> <span class='ocrx_word' id='word_1_392' title='bbox 1034 4137 1142 4211; x_wconf 86' lang='lat' dir='ltr'><strong>par-tes</strong></span> <span class='ocrx_word' id='word_1_393' title='bbox 1162 4123 1319 4189; x_wconf 72' lang='lat' dir='ltr'><strong>Librae</strong></span> 
     </span>
    </p>
   </div>
   <div class='ocr_carea' id='block_1_31' title="bbox 154 4206 1291 4301">
    <p class='ocr_par' dir='ltr' id='par_1_31' title="bbox 154 4206 1291 4301">
     <span class='ocr_line' id='line_1_50' title="bbox 154 4206 1291 4301; baseline 0.004 -29"><span class='ocrx_word' id='word_1_394' title='bbox 154 4206 304 4286; x_wconf 77' lang='lat' dir='ltr'><strong>tanente,</strong></span> <span class='ocrx_word' id='word_1_395' title='bbox 336 4208 490 4291; x_wconf 82' lang='lat' dir='ltr'><strong>maxime,</strong></span> <span class='ocrx_word' id='word_1_396' title='bbox 525 4210 714 4301; x_wconf 77' lang='lat' dir='ltr'><strong>allegitur,</strong></span> <span class='ocrx_word' id='word_1_397' title='bbox 749 4212 880 4279; x_wconf 81' lang='lat' dir='ltr'><strong>arborco</strong></span> <span class='ocrx_word' id='word_1_398' title='bbox 911 4209 1034 4279; x_wconf 84' lang='lat' dir='ltr'><strong>sudant.</strong></span> <span class='ocrx_word' id='word_1_399' title='bbox 1090 4210 1291 4301; x_wconf 71' lang='lat' dir='ltr'><strong>Hyacinthus</strong></span> 
     </span>
    </p>
   </div>
   <div class='ocr_carea' id='block_1_32' title="bbox 0 0 1346 4606">
    <p class='ocr_par' dir='ltr' id='par_1_32' title="bbox 0 0 1346 4606">
     <span class='ocr_line' id='line_1_51' title="bbox 0 0 1346 4606; baseline 0 1"><span class='ocrx_word' id='word_1_400' title='bbox 0 0 1346 4606; x_wconf 95' lang='lat' dir='ltr'><strong> </strong></span> 
     </span>
    </p>
   </div>
  </div>
 </body>
</html>
