2684 4606
168 318 171 323 ι
253 132 924 299 ·rurngr.1u.·rs.'a.--t.¹
1103 132 1212 277 aaa
1293 288 1295 299 ¹

50 379 254 469 intelligere,
285 379 412 473 tertium
434 382 604 450 memorari
624 381 713 473 quod
733 366 941 464 intellexbris,
969 379 1116 472 quarmm
1138 383 1186 450 di·

52 467 160 534 cendc
179 488 298 534 ornare
318 465 406 554 quod
427 467 621 537 memineris·
670 471 758 536 Sane
777 467 819 533 da
838 467 1186 559 nominibusappositis

52 554 242 642 scrupulum
261 553 373 621 lectori
395 553 568 642 injecimus.
620 554 837 646 Eurystheum
854 558 980 642 'regem
1011 554 1185 626 invenimus

55 639 163 706 fnisse·
176 639 353 722 Graeciae,
379 636 493 707 Persei
515 641 663 729 generis,
688 641 745 729 'uui
762 641 896 708 lunonis
915 639 1066 709 instinctu
1085 642 1185 731 impe·
1302 644 1319 713 ,ἵ

52 727 149 793 rabat
177 725 330 805 Herculi,
362 735 400 791 ut
430 725 516 792 varia
543 738 684 796 monstra
712 736 896 813 superaret,
931 726 1046 814 quibus
1075 738 1208 815 possets

78 812 180 892 erire;
212 809 298 891 unde
318 810 398 876 eum'
411 811 530 878 merito·
543 813 659 880 durum
681 812 816 902 appellat
836 811 1002 905 Virgilius,
1024 813 1079 903 qui
1099 813 1186 887 ride-

29 835 130 963 ·licet
153 899 257 985 potuit
278 894 321 962 ad
344 896 567 984 complendum
587 897 695 966 odium
717 899 885 965 novercale
915 899 1075 979 sufficere.
1130 907 1197 981 Ae·
1282 950 1308 959 ff

55 983 160 1050 lautas
189 1003 264 1050 vero
292 993 358 1049 tres
396 983 496 1050 luisse
530 986 676 1074 legimus.
732 985 839 1052 Unum
875 985 1041 1063 Maurum,
1072 984 1127 1073 qni
1154 994 1188 1052 et
1247 1024 1253 1031 .
1301 1046 1303 1050 .

55 1070 229 1148 maximum
261 1066 398 1134 alterum
421 1069 586 1154 Italicum,
651 1082 751 1138 atram
776 1070 943 1150 Electrae,
976 1068 1065 1136 unde
1092 1082 1186 1159 natus

56 1164 107 1220 est
136 1153 327 1234 Dardanus;
361 1155 490 1223 tertiudr
531 1095 741 1236 Arcadicum,
776 1167 901 1245 patrem
938 1156 1061 1246 Majae,
1099 1156 1229 1226 undaro
1298 1155 1301 1161 ’

57 1251 151 1306 natus
182 1251 232 1306 cst
266 1240 455 1308 Mercurius.
510 1242 578 1312 Sed
618 1242 768 1331 Virgilius
798 1242 832 1308 in
861 1241 924 1310 VH
954 1265 995 1308 ex
1025 1243 1187 1316 nominum
1224 1268 1228 1281 ¹

56 1325 258 1393 similitudine
272 1346 415 1414 errorem
435 1327 522 1410 facit,
541 1329 702 1396 Electram
717 1340 751 1393 et
765 1327 893 1408 Ma‘am,
915 1339 1032 1395 matres
1044 1327 1188 1394 Dardani

56 1422 90 1478 et
113 1410 276 1503 Mercurii,
296 1410 376 1477 filias
396 1411 530 1482 Atlantis
551 1414 676 1491 maximi
697 1413 796 1479 fuisse
809 1352 928 1481 dicens.
971 1413 1044 1480 Nec
1060 1426 1188 1501 praeter
1218 1428 1220 1435 ’

57 1497 213 1563 rationem
234 1497 294 1565 ait:
337 1495 385 1562 Et
406 1500 583 1566 maximus
602 1497 710 1568 Atlas
737 1499 828 1564 itanc
846 1509 1006 1586 generat.
1047 1498 1188 1581 Numer

55 1580 126 1670 lpse
148 1584 262 1650 horum
284 1581 444 1648 nominum
460 1585 564 1665 tilias,
597 1584 632 1652 id
654 1597 704 1650 est
723 1584 886 1652 Electram
907 1594 940 1654 et
960 1583 1097 1674 Majam,
1127 1586 1186 1651 ha·
1194 1597 1229 1648 1⁵

57 1669 135 1734 buit.
179 1666 274 1742 Quod
298 1678 405 1734 autem
428 1670 596 1737 candidam
617 1671 661 1737 ait
681 1671 815 1758 Majatn,
843 1668 887 1737 ad
907 1668 1030 1737 stellam
1049 1672 1188 1757 respicit.
1234 1722 1237 1727 «
1264 1682 1266 1687 ’
1303 1682 1308 1689 ‘

57 1754 143 1824 Nam
164 1754 249 1843 Maja
271 1754 353 1819 inter
375 1750 523 1840 Pleiades
545 1766 612 1838 est,
655 1776 766 1822 uarum
787 1778 852 1822 una
872 1766 923 1823 est
942 1754 1144 1846 splendidior.
1220 1821 1224 1831 ,

142 1841 174 1906 6:
219 1842 352 1927 Geryon
380 1859 511 1929 quoque
538 1861 596 1907 rox
629 1779 687 1909 dut
715 1841 907 1944 Hispaniae,
946 1842 1001 1930 qui
1028 1841 1104 1908 ideo
1132 1843 1188 1910 tri-
1284 1876 1287 1888 ·

58 1925 210 1991 membris
229 1926 378 2010 fingitur,
398 1928 473 2011 quia
492 1927 593 1996 tribus
614 1927 752 2018 praeluit
774 1928 899 2005 insulis,
933 1949 1020 2015 quae
1040 1927 1188 2015 adjacent

58 2012 253 2098 Hispaniae,
276 2010 463 2078 Balearicae
483 2013 615 2104 majori,
635 2013 748 2079 minori
780 2025 814 2080 et
834 2013 995 2100 Pityusae.
1036 2013 1230 2101 Pingiturau

56 2097 210 2164 habuisse
234 2116 344 2161 canem
367 2095 546 2202 bicipitem,
576 2099 650 2187 quia
679 2110 712 2165 et
736 2099 878 2166 terrestri
907 2109 941 2164 et
960 2098 1062 2176 navali
1083 2113 1188 2166 certa-
1280 2106 1281 2112 ’

56 2184 144 2249 mine
154 2182 333 2333 plurimum
352 2193 465 2272 potunt.
507 2186 606 2250 Hunc
624 2183 781 2251 Hercules
804 2185 894 2261 vicit,
925 2185 978 2270 qui
999 2183 1072 2250 ideo
1094 2185 1189 2271 fingi-

55 2280 153 2335 tura
198 2289 271 2333 enm
293 2267 353 2333 olla
373 2282 470 2335 aerea
492 2280 708 2350 transvectus,
743 2269 817 2356 quia
837 2268 949 2344 habuit
978 2292 1090 2335 navem
1118 2271 1203 2336 scr-¹

54 2366 123 2422 tem
144 2365 180 2422 et
199 2375 276 2420 aare
294 2353 468 2421 munitium.
517 2354 701 2442 Charybdis
729 2356 825 2422 etiam
845 2353 1025 2437 secundum
1050 2355 1189 2421 fabulam
1262 2432 1263 2436 Ἰ

54 2439 179 2507 femina
200 2439 261 2517 tjuit
281 2440 492 2509 voracissima.
547 2441 642 2515 Quae
668 2440 742 2528 quia
770 2441 868 2505 bores
896 2438 1045 2521 Herculis
1074 2442 1230 2526 rapuisse

54 2549 78 2591 a
105 2526 196 2593 Jove
228 2525 473 2594 fulminata'.„est
508 2537 543 2597 et
572 2526 604 2590 in
635 2547 725 2591 mare
752 2524 973 2613 praecipitata.
1024 2524 1123 2592 Unde
1156 2537 1190 2594 et

50 2624 208 2678 ¹naturam
219 2612 382 2698 pristinam
398 2610 526 2680 serrat'
554 2611 639 2678 Nam
655 2614 765 2678 sorbet
780 2609 937 2689 universa,
959 2620 993 2680 et
1011 2609 1189 2679 secundum

56 2690 234 2765 Salultium
250 2698 343 2788 juxto
363 2696 667 2789 Tauromenitanum
690 2719 730 2764 ea
757 2696 862 2783 egerit
880 2695 962 2762 litus.
1106 2762 1108 2767 ,

123 2786 176 2851 xi.
218 2783 357 2872 Legitur
384 2786 479 2869 etiam
509 2783 668 2851 Hercules
696 2781 947 2867 cumsarmentis
974 2776 1090 2848 devicti
1122 2781 1190 2846 Ge-

56 2868 169 2957 ryonis
189 2867 222 2932 in
241 2870 364 2937 ltaliam
386 2872 523 2946 veniens,
547 2870 588 2934 ab
609 2867 761 2934 Evandro
779 2876 858 2934 tunc
878 2877 1035 2955 regnante
1059 2867 1232 2940 tandeman

56 2964 251 3042 susceptus,
284 2978 383 3044 quum
404 2967 495 3023 sset
515 2954 721 3022 Joris'filium
744 2952 894 3033 dixisset,
930 2963 963 3020 et
983 2962 1088 3019 morte
1109 2953 1191 3020 (laci
1249 3008 1253 3017 .

57 3041 209 3124 virtutem
229 3064 319 3109 suam
341 3046 525 3130 probasset,
545 3062 605 3128 pro
627 3041 753 3107 numine
773 3039 899 3106 habitus
921 3060 1008 3119 esse,
1036 3051 1070 3104 et
1090 3057 1190 3119 aram,

56 3116 147 3212 uuae
167 3147 224 3193 ara
243 3128 380 3194 maxima
408 3126 495 3194 dicta
523 3139 589 3205 est,
623 3128 794 3204 meruisse,
828 3146 923 3212 qnam
954 3123 985 3188 ei
1014 3122 1190 3212 Delphicus
1269 3202 1272 3217 .

57 3210 173 3302 Apollo
196 3212 228 3279 in
257 3213 349 3280 Italia
377 3214 449 3278 fore
476 3212 687 3301 praedixerat.
740 3210 851 3278 Primo
883 3220 990 3277 tamen
1019 3220 1189 3295 susceptus

55 3320 125 3364 non
146 3309 207 3364 est
247 3299 342 3387 Apud
362 3299 500 3389 majores
521 3321 659 3386 namque
678 3320 752 3364 raro
773 3295 932 3376 advenae,
962 3294 1021 3362 nisi
1035 3293 1092 3384 jus
1114 3297 1232 3365 hos-ao

58 3384 128 3474 pitii
148 3383 322 3469 baberent,
349 3405 395 3452 'eo
421 3383 508 3474 quod
529 3385 685 3452 incertum
707 3393 793 3463 erat,
827 3403 890 3468 quo
912 3379 1016 3446 animo
1038 3379 1190 3462 venirent,
1242 3438 1245 3471 ξ
1271 3423 1275 3435 »

59 3467 329 3556 suscipiebantur.
373 3473 545 3558 Quumque
572 3471 615 3536 de
633 3493 693 3537 suo
714 3479 857 3537 armento
886 3465 928 3533 ad
950 3488 1010 3532 sna
1033 3466 1190 3533 sacrificia

58 3555 222 3634 dedisset,
251 3557 377 3625 duobus
400 3557 527 3624 senibus
547 3558 677 3623 Pinario
697 3566 730 3623 et
749 3553 885 3632 Potitio,
915 3552 1050 3640 qualiter
1070 3573 1106 3618 se
1129 3551 1190 3616 coli

58 3642 183 3721 vellet,¹
208 3642 362 3724 ostendit,
396 3655 429 3710 et
449 3665 543 3709 mane
569 3644 628 3710 sibi
657 3665 697 3707 ac
725 3660 856 3727 vespere
883 3636 1056 3704 sacrificari
1082 3635 1215 3726 jussit.v

59 3727 217 3794 Perfecto
239 3729 346 3818 itaque
366 3729 521 3796 matutino
549 3729 722 3806 sacrificio,
754 3748 853 3814 quum
880 3723 968 3790 circa
997 3723 1070 3787 solis
1092 3733 1232 3798 occa-40

33 3831 134 3880 -sum
159 3826 266 3884 essent
286 3837 378 3882 sacra
401 3813 592 3903 repetenda,
624 3812 762 3882 Potitius
795 3811 883 3899 prior
911 3807 1057 3886 advenit,
1091 3809 1190 3876 Pina-

58 3901 128 3966 rius
151 3912 275 3988 postea,
296 3901 376 3968 extis
392 3900 460 3990 jam
479 3899 623 3968 redditis.
664 3899 760 3968 Unde
778 3898 877 3965 iratus
891 3893 1047 3994 Hercules
1070 3896 1192 3975 statuit,

61 3984 100 4053 rit
120 3985 323 4060 Pinariorum
345 3986 461 4053 familia
484 3999 607 4054 tantum
628 3985 767 4054 ministra
790 3991 876 4047 esset
903 3978 1101 4065 epulantrbus
1123 3980 1191 4046 Po-
1257 4048 1259 4052 μ

59 4070 136 4140 titiis
168 4085 202 4139 et
230 4073 458 4160 complentibus
488 4096 592 4140 sacra.
643 4071 739 4140 Unde
768 4080 800 4138 et
828 4064 948 4133 Pinarii
974 4063 1049 4130 dicti
1076 4076 1151 4131 sunt
1171 4087 1192 4130 a

61 4161 195 4226 Graeco
226 4161 331 4236 πίνοι,
358 4156 391 4223 id
417 4169 466 4226 est
493 4157 637 4247 afome.
679 4158 762 4226 Nam
792 4173 901 4221 senem
921 4149 1005 4215 illurn
1020 4149 1240 4250 .Pl¹3lfl⁰¹l¹⁴⁵

63 4245 125 4310 alio
149 4257 274 4314 constat
295 4245 420 4311 nomine
442 4257 668 4333 nuncupatum.
711 4244 803 4310 ilinc
818 4251 871 4306 est
889 4233 1220 4326 succensuerim
