2684 4606
347 207 531 311 Mytbopa.
558 209 591 284 1.
632 158 734 287 aaa
752 252 804 269 -
828 207 921 285 aar.
1163 206 1212 282 τι

163 406 166 411 “
220 404 225 411 “
279 391 403 471 Ι229.
457 395 716 505 Endymion
751 407 793 468 et
826 393 968 468 Luna.
1006 347 1054 385 ‘⁸

149 518 334 610 Endymion
370 531 483 624 pastor
512 542 637 588 amasse
663 522 782 591 dicitur
811 523 938 591 Lunam
975 543 1033 587 seu
1062 521 1207 588 Dianam.

61 605 128 680 Qui
150 620 279 694 spretus·
288 617 395 698 .·pav1t
425 628 543 694 peoora
573 606 811 689 candidissima,
843 621 876 676 et
900 609 947 676 sic
968 629 1039 674 earn
1061 607 1092 671 in
1114 630 1207 674 sunm

61 690 159 758 illexit
174 714 326 761 amorem.
361 692 463 782 Cujus
482 692 525 758 rei
544 690 893 784 mysticam'quandam
916 691 1023 760 volu'nt
1043 693 1207 759 rationem.
1293 716 1298 727 ’

61 776 172 866 Duplo
193 778 313 873 qnippe
333 777 429 855 modo
452 777 712 859 mirasse'dioitur
726 779 863 846 Lunam.
893 779 960 846 Seu
978 777 1065 866 quod
1089 779 1233 866 primusa

60 862 230 941 hominum,
243 886 370 930 cursum
385 864 479 930 lunae
491 864 661 946 invenerit3
682 864 819 932 undeet
830 865 926 931 XXX
944 864 1033 931 annis
1052 862 1209 931 dormisse

62 948 200 1028 dicitur,
234 949 309 1036 quia
338 948 414 1015 nihil
442 948 526 1029 aliud
551 950 588 1015 in
616 950 760 1030 vitasua.
778 952 835 1017 nisi
856 951 931 1018 huic
949 949 1121 1037 repertioni
1142 961 1209 1016 stu-

62 1034 140 1103 duit.
185 1033 375 1124 Sirenuod
404 1032 551 1109 nocturni
582 1037 663 1107 roris
691 1036 823 1116 humor,
852 1059 948 1124 quem
973 1047 1039 1102 tam
1067 1033 1207 1101 siderum

85 1142 160 1189 uam
190 1119 289 1209 ipsius
318 1120 412 1201 lupae
439 1141 575 1209 sapores
597 1121 771 1198 animandis
792 1123 964 1195 herbarum
985 1119 1070 1188 sucis
1091 1142 1207 1188 consu-
1315 1170 1318 1175 -

62 1144 198 1289 darunt,
217 1206 429 1304 pastoralibus
451 1206 560 1296 prosit·
573 1207 785 1283 successibus.
1215 1191 1251 1255 ¹⁶

255 1398 384 1499 0230,
432 1374 749 1513 Bora-cynthia
778 1416 822 1487 ot
853 1392 974 1483 Alis.

144 1529 381 1618 Berecynthia,
402 1543 504 1599 mater
528 1528 675 1610 deorum,
696 1531 766 1598 htin
788 1552 921 1620 puerum
944 1530 1205 1598 formosissimum

60 1637 190 1683 amasse
210 1612 343 1695 dicitur,
373 1640 486 1706 quem,
518 1615 586 1683 zelo
608 1638 782 1694 succensa,
807 1616 977 1684 castrando
1000 1617 1206 1683 semimascu-

59 1701 125 1766 lum
148 1699 234 1767 fecit.
276 1701 522 1793 Berecynthiam
543 1701 606 1767 dici
630 1700 811 1781 uoluerunt,
845 1702 935 1792 quasi
966 1704 1120 1768 montium
1147 1701 1205 1766 do-

10 1852 14 1867 ,
59 1788 188 1854 minam.
207 1786 211 1796 “
228 1783 310 1859 ldeo
332 1803 469 1856 matrem
485 1785 637 1865 deorum,
666 1786 755 1875 qttod
775 1786 855 1855 deos
875 1809 935 1876 pro
957 1788 1105 1875 snperbia
1127 1790 1248 1853 nuri-¹⁵

60 1871 174 1960 cupari
204 1871 386 1951 uoluerunt,
424 1887 457 1941 et
489 1884 622 1939 matrem
656 1872 790 1940 deorum
823 1875 854 1939 in
881 1872 1012 1940 modurn
1034 1873 1208 1961 „potentiae

59 1968 205 2047 ponunt,
220 1955 324 2031 unde
341 1956 469 2046 diabobo
497 1958 629 2037 dicitur,
658 1959 748 2048 quasi
777 1960 877 2034 attat·
907 1961 1072 2047 βέβαιον,
1103 1957 1207 2025 idest

56 2043 201 2132 gloriae
209 2036 384 2133 firmitas.
405 2045 501 2131 Ergo
520 2044 663 2141 potentia
682 2044 806 2131 gloriae
825 2066 953 2132 semper
974 2067 1084 2111 amore
1104 2056 1206 2111 torre-

49 2140 134 2206 tur,
164 2136 199 2199 et
218 2127 316 2194 livore
335 2141 518 2217 torquatum
546 2131 673 2233 citoque
695 2129 850 2213 abscidit,
878 2128 968 2221 quod
987 2129 1106 2216 diligit,
1128 2128 1204 2195 dum

59 2226 172 2288 tamen
190 2222 331 2311 amputat
352 2214 450 2321 iliud,
474 2214 561 2306 quod
579 2215 655 2284 cort.
1209 2219 1247 2269 ²⁰

304 2404 408 2491 251..
453 2410 638 2519 Psyche
675 2421 721 2483 et
757 2406 959 2513 Cupido.

148 2535 298 2626 hpulej'us
332 2536 365 2603 in
390 2536 476 2607 libris
507 2537 806 2625 metamorphoseon
836 2536 963 2614 scribit,
1000 2533 1032 2600 in
1067 2531 1204 2620 quadarn

61 2623 192 2691 civitate
220 2640 333 2708 regem
364 2633 398 2690 et
431 2622 575 2711 Quam
604 2623 753 2691 habuisse
786 2634 852 2688 tres
883 2620 969 2691 filias.
1013 2620 1103 2687 Duas
1127 2630 1203 2683 natu

59 2710 201 2799 majores,
233 2719 414 2797 temperata·
441 2708 551 2796 specie
578 2709 699 2790 fuisse3
737 2707 894 2798 juniorem
930 2726 1023 2783 aero„
1053 2704 1099 2783 Ps
1122 2703 1203 2775 chen
1235 2706 1242 2725 ²

60 2796 210 2874 nomine,
239 2807 305 2865 tam
327 2795 427 2863 mirae
448 2795 588 2864 extitisse
618 2794 814 2881 elegantiae,
835 2803 871 2860 ut
891 2790 1078 2858 crederetur
1096 2729 1245 2855 Xenus2⁵

62 2904 138 2947 esse
171 2879 341 2946 terrestris.
392 2880 474 2947 Deni
500 2903 540 2946 ue
566 2881 691 2946 duabus
718 2879 891 2969 majoribus
920 2878 952 2945 in
977 2875 1160 2964 coniugium
1184 2896 1205 2939 a

61 2967 137 3032 siris
161 2964 306 3046 adscitis,
328 2963 430 3046 illam,
451 2904 547 3039 rdluti
565 2965 678 3039 deam,
704 2988 767 3031 non
789 2965 955 3065 quisquam
977 2984 1085 3026 amare
1106 2982 1204 3025 ausus

61 3060 153 3128 erat,
186 3049 245 3117 sed
262 3051 436 3133 ·venerari;
468 3066 565 3141 atque
593 3050 703 3118 hostiis
726 3074 798 3116 eam
821 3050 946 3115 sibimet
968 3046 1138 3133 deplacare
1158 3044 1205 3109 in-

62 3135 249 3205 tendebant
291 3138 400 3209 venos
421 3159 521 3224 crgo,
549 3159 710 3208 succensa.
731 3134 864 3213 inuidia,
895 3133 1085 3222 Cupidinem
1116 3130 1204 3217 petit,

62 3236 100 3290 ut
132 3223 165 3288 in
198 3234 418 3289 contumacem
447 3224 579 3289 l'ormarn
602 3221 753 3289 severiter
772 3219 915 3287 vindicet.
960 3217 1015 3283 llle
1037 3215 1078 3281 ad
1096 3216 1246 3280 matrisao

62 3308 217 3377 ultionem
238 3307 434 3387 adventans,
455 3309 553 3376 visam
598 3307 711 3376 uellam
733 3305 910 3386 adamarit,
944 3304 1065 3391 etipse
1086 3325 1124 3369 se
1144 3324 1203 3366 suo

49 3397 129 3462 .telo
160 3395 327 3482 percussit
367 3394 482 3480 Itaque
511 3332 658 3483 Apollinis
687 3392 925 3460 denuntiatione
949 3389 1082 3479 jubetur
1102 3386 1205 3475 puella

21 3480 26 3487 '
64 3481 97 3547 io
132 3480 248 3547 montis
270 3480 447 3554 ·caoumine
474 3479 543 3549 sola
569 3479 693 3546 demitti
718 3490 752 3546 et
770 3486 910 3581 penuato
931 3474 1070 3566 serpenti
1088 3495 1207 3560 sponsa

65 3565 228 3633 destinari.
268 3565 422 3632 Perfecto
441 3565 540 3652 igitur
567 3566 744 3652 choragio,
775 3562 810 3631 sd
837 3573 887 3638 est
907 3560 1050 3663 virginali
1080 3559 1203 3631 sunere,

90 3652 173 3716 nelh
192 3672 252 3754 por
270 3652 386 3718 montis
407 3649 564 3731 ‘dedi-vic,
596 3651 737 3741 Zephyri
753 3650 871 3715 ‘flantis
904 3648 967 3712 lem
997 3656 1128 3711 vectura
1149 3642 1244 3708 de·35

65 3675 174 3824 lhpsa,
198 3759 230 3801 m
252 3736 412 3824 quandam
433 3736 563 3804 domum
586 3759 715 3805 auream
737 3734 860 3822 rapitur
880 3745 913 3799 et
932 3732 1119 3820 pretiosam;
1147 3729 1206 3794 ibi-

12 3898 14 3905 ,
67 3846 131 3912 que
159 3822 307 3905 vocibus,
335 3822 395 3889 sihi
415 3820 886 3898 tantummodo-servientibus,
913 3818 1025 3905 ignoto
1058 3817 1207 3883 utebatur

12 3912 14 3987 l
68 3907 231 3997 conjugio.
273 3909 357 3977 Nam
379 3921 474 3976 nocte
491 3907 660 3976 adveniens
684 3907 824 3981 maritus,
845 3904 977 3971 veneriis
997 3902 1208 3991 perobscura

12 3998 15 4017 ¹
68 3994 225 4084 peractis,
246 4004 283 4062 ut
301 3994 401 4060 invise
428 3995 622 4084 vespertinus
644 3993 835 4069 advenerat,
868 3991 913 4056 ita
943 3987 1130 4076 crepusculo
1158 3986 1207 4049 in-

70 4080 223 4166 cognituri¹
238 4078 434 4147 discedebat.
457 4078 524 4147 Sed
545 4078 586 4145 ad
601 4079 695 4170 hujus
717 4090 851 4145 mortem
874 4074 1053 4141 deflendam
1078 4093 1205 4173 sorores
1213 4088 1248 4138 40

72 4164 280 4246 advenerunt,
299 4168 413 4234 montis
436 4189 478 4233 ue
491 4188 667 4233 conscenso
684 4163 858 4239 cacumine,
880 4183 1065 4247 germanam
1079 4157 1206 4242 lugubri

75 4274 154 4320 voce
175 4250 372 4341 flagitabant.
414 4191 461 4321 lit
488 4252 629 4341 quamvis
647 4253 698 4320 illo
718 4247 832 4337 conjnx
853 4245 995 4333 lucifuga
1014 4244 1154 4313 sororios
1177 4243 1206 4306 ei
1251 4290 1280 4310 ..

17 4388 35 4585 l
