2684 4606
372 176 565 281 umes
580 179 617 257 a
674 175 748 257 rea
766 224 816 281 -·..·
834 179 934 274 ras..
1175 119 1271 265 so

86 363 237 432 hortata·
250 373 300 431 est
333 383 425 441 earn,
468 372 505 432 ut
536 363 600 431 tole
630 365 746 451 pignos
779 368 896 435 amoris
928 392 950 436 a
980 368 1075 441 Jove.
1096 381 1231 460 peteret,

85 449 224 537 proinde
256 450 430 515 auctoritas
461 449 560 537 ipsius
593 452 782 520 concubitus
811 452 945 542 insignis
979 468 1075 523 esset.
1133 456 1232 537 Quod

86 558 194 687 poena
206 534 457 647 impetravisset,
478 535 578 613 deus,
600 533 774 605 instructus
796 538 962 609 tonitribus
982 564 1023 608 ac
1041 539 1232 625 fulminibus,

109 644 218 687 omum
246 619 389 688 hemeles
416 620 581 705 ingressus
609 632 667 687 est
708 622 856 711 Decepta
879 637 929 693 est
953 624 1091 714 optatis·
1121 628 1231 697 Tecta

87 721 122 774 et
139 708 243 796 ipsam
266 708 396 773 llamma
416 705 546 773 adussit
597 705 769 788 lrilrerum,
797 721 988 799 conceptum
1011 722 1121 788 utero,
1146 714 1255 803 sup-s

86 795 170 880 piter
196 790 345 859 incendio
375 790 505 880 eripuit,
535 814 575 857 ac
604 790 726 861 temore
752 794 849 863 insuit
872 818 943 865 suo.
992 799 1114 867 Postea
1140 822 1229 867 com-

87 878 179 966 pletis
215 877 396 957 mensibus,
429 876 607 964 Nymphis,
662 899 724 945 uae
753 879 896 969 Nysam,
937 895 1079 952 montem
1108 883 1232 966 Indiae,

87 964 409 1051 perfrequentahant,
453 961 533 1027 clam
560 900 693 1057 tradidit
720 965 933 1034 nutriendum.
986 970 1119 1060 Septem
1147 972 1231 1037 euim

87 1050 218 1116 lberant
255 1070 404 1143 sorores,
448 1046 582 1117 eaedem
615 1048 644 1113 N
670 1048 786 1136 tuphae
816 1051 1007 1122 Dodonides
1042 1054 1232 1143 appellatae,

86 1158 174 1287 puae
195 1158 216 1199 a
239 1134 396 1231 Lycurgo
424 1130 556 1231 iugatae
582 1131 624 1199 ad
645 1073 775 1202 l'hetim
799 1138 1033 1227 profugerunt,
1063 1154 1098 1207 ut
1116 1142 1273 1211 acribitle

117 1218 297 1310 herecydes
312 1232 360 1286 'et
384 1218 600 1305 Asclepiades.
652 1221 760 1295 Quam
785 1225 829 1289 oh
857 1246 988 1292 causam
1015 1226 1159 1295 abdere
1183 1228 1231 1295 eis

130 1306 195 1373 ntia
225 1316 275 1371 est
301 1304 419 1383 relato,
452 1302 539 1391 quod
566 1305 650 1371 inter
678 1304 785 1372 sidera
809 1320 885 1377 sunt
908 1310 1118 1392 constitutae,
1147 1332 1240 1401 quae·

85 1326 159 1457 lll.
194 1396 328 1485 nrrmero
351 1387 494 1478 'Hyades
527 1398 602 1457 sunt
634 1412 674 1477 ap
718 1389 819 1462 llatae.
880 1394 968 1463 Hinc
996 1396 1097 1463 Liber
1151 1407 1232 1480 ater,

85 1500 144 1544 seu
167 1476 346 1567 Dionysus,
374 1475 513 1562 tigribus
533 1473 650 1542 sedere
669 1484 673 1493 '
691 1475 799 1558 icitur,
830 1478 917 1567 quod
941 1481 1042 1548 omnis
1063 1418 1231 1551 vinolentia

86 1562 207 1629 feritati
235 1584 303 1629 sem
328 1583 363 1626 er
394 1562 537 1629 insistat:
576 1571 610 1627 et
636 1559 767 1650 Lyaeus
797 1562 914 1632 dicitur
945 1567 1036 1655 quasi
1068 1565 1272 1638 lenitatemlb

85 1582 437 1800 praestanatlurenis
465 1658 573 1718 autem
599 1646 761 1737 pingitur,
791 1648 867 1739 quia
892 1652 1031 1721 ebrietas
1057 1674 1250 1743 numquam
1328 1708 1332 1715 -

84 1746 215 1802 matura
239 1756 275 1799 es

202 1869 309 1946 Ι121.
360 1870 503 1947 Liber
537 1886 581 1948 et
615 1847 837 1973 'luppiter
867 1874 1099 1952 Hammon.

172 2002 295 2084 Liber,
335 2024 394 2069 seu
423 1992 610 2093 'Dionysus,
653 2026 751 2095 quum
786 2002 885 2073 Indos
917 2016 1060 2095 peteret,
1104 2013 1137 2072 et
1173 2004 1231 2091 pe'r

83 2089 295 2181 Xerolibyam
318 2087 492 2159 exercitum
515 2086 665 2177 duceret,
679 2090 840 2179 {fatigatus
862 2091 930 2167 siti,
949 2090 1038 2161 Jovts
1059 2092 1109 2156 sui
1131 2088 1273 2176 patrisso

85 2178 238 2244 auxilium
265 2174 459 2262 imploravit:
490 2183 525 2240 ct
550 2174 656 2241 statim
679 2176 745 2241 riso
769 2176 886 2254 ariete,
919 2176 991 2243 sons
1018 2189 1148 2243 secutus
1172 2187 1245 2241 est.⁴

84 2261 186 2331 Unda
209 2261 330 2328 facturn
355 2272 405 2328 est
432 2259 539 2325 abeo
567 2256 721 2349 deinceps
740 2261 831 2342 Jovi,
861 2262 1036 2329 Hammoni
1063 2261 1104 2326 ab
1126 2258 1230 2326 arenis

84 2347 194 2428 dicte,
222 2344 424 2413 simulacrum
451 2366 523 2410 cum
545 2344 650 2432 capite
671 2346 815 2415 arietino.
864 2346 961 2433 Quod
988 2345 1063 2414 ideo
1087 2345 1229 2434 lingitur,

84 2435 163 2527 quia
185 2433 268 2501 uotis
288 2432 358 2523 ejus
379 2441 454 2497 sunt
475 2429 614 2498 involuta
633 2452 798 2521 response.

332 2567 427 2644 122.
481 2570 701 2667 Liberat
732 2542 980 2672 Tyrrheni.
1062 2642 1071 2655 ,
1232 2581 1270 2635 ao

47 2745 51 2760 .
172 2701 283 2775 Quum
309 2696 471 2790 'l’yrrheni
500 2709 619 2769 nautae
647 2697 858 2767 dormientem
889 2697 924 2763 iu
952 2694 1044 2765 litore
1074 2693 1229 2760 Liberum

84 2797 216 2877 patrem
245 2784 452 2865 invenissent,
488 2783 595 2853 furtim
624 2796 698 2851 eum
726 2784 770 2852 ln'
787 2788 898 2851 navem
931 2804 1021 2847 suam
1045 2792 1228 2868 rapuerunt.

85 2873 152 2949 Qut
173 2893 273 2960 quum
295 2880 380 2937 esset
401 2882 608 2959 experrectus
631 2871 664 2937 iu
686 2872 775 2951 nari,
802 2890 867 2959 que
893 2865 1068 2935 duceretur
1090 2868 1227 2933 interro-

84 2958 186 3062 govit.
230 2951 483 3044 Responderunt
510 2955 569 3039 illi,
602 2980 667 3110 spuo
695 2956 796 3025 vellet
837 2954 938 3021 Liber
964 2954 1009 3024 eit
1035 2949 1077 3019 ad
1099 2951 1226 3019 Nexum

84 3042 241 3124 suculam,
279 3041 338 3108 sibi
355 3052 535 3110 sacratam.
588 3043 636 3111 li
664 3055 772 3112 antem
800 3038 863 3107 elio
893 3037 963 3105 vele
991 3038 1124 3105 flectere
1152 3044 1271 3102 coetu

86 3138 216 3220 perum.
257 3127 474 3203 Quamobrem
495 3150 613 3195 numen
632 3130 749 3197 iratum
768 3127 871 3213 tigres
890 3123 949 3193 sihi
968 3120 1091 3193 dicatas
1112 3120 1229 3189 risibus

87 3237 203 3369 eorppm
224 3211 359 3366 ohjpffi
383 3234 517 3301 quarum
537 3214 723 3285 illiterrore
742 3210 919 3305 perterriti,
944 3231 1017 3281 sese
1037 3208 1229 3301 praecipites

86 3301 120 3369 io
167 3310 262 3368 octos
351 3320 416 3365 ere.

128 3442 132 3449 '
203 3436 298 3514 125.
350 3437 492 3513 Liher
515 3442 648 3540 pater
672 3449 714 3531 eut
741 3438 983 3539 Lycurgus
1014 3462 1103 3511 rex.

175 3566 351 3658 Lycurgus
380 3590 437 3634 rex
468 3568 630 3635 Thraciae
661 3568 730 3637 luit.
787 3568 871 3649 Qut,
912 3578 949 3635 ut
979 3563 1087 3631 fabula
1119 3561 1270 3633 hebetes

78 3652 165 3721 -dum
199 3663 408 3719 contemnens
435 3653 607 3729 Liberum,
646 3652 715 3745 ejus
741 3663 886 3743 amputat
912 3654 1008 3731 vites,
1046 3670 1141 3715 crure
1169 3669 1229 3713 sua

88 3740 210 3808 incidit.
251 3738 305 3804 tte
325 3741 529 3807 autem⁶rera
550 3741 724 3808 abstemius
745 3740 823 3822 luit3
849 3762 932 3830 quos
953 3746 1078 3803 constat
1097 3733 1229 3801 acrioris

89 3849 164 3896 esse
184 3835 338 3908 naturee3
368 3820 456 3914 quod
477 3826 571 3894 etiam
595 3849 614 3893 e
635 3825 854 3896 Demosthene
874 3824 997 3894 dictum
1021 3832 1080 3889 est.

472 3980 568 4057 121.
622 3984 847 4061 Minerva.

175 4113 334 4194 Minerva,
365 4111 428 4180 dea
452 4114 642 4203 sapientiae,
665 4113 846 4185 ,multorum
871 4108 1025 4177 inventrix
1053 4106 1112 4176 fuit
1139 4106 1272 4193 inge-so

91 4199 227 4269 olorum.
277 4201 372 4268 Haec
393 4203 525 4268 Graece·
541 4196 681 4289 ’.Αθηνᾶ
702 4199 838 4285 dicitur,
864 4193 956 4291 apud
968 4192 1116 4265 brutinus
1135 4203 1253 4259 nouem
