2684 4606
137 176 196 253 aa
426 172 610 279 nyuogr.
637 175 671 251 1.
725 174 872 253 asa-
890 174 984 254 rsa.

138 362 237 431 missa
259 358 421 429 mercede.
464 362 570 437 Quam
591 382 689 449 quum
709 362 768 453 ipsi
789 361 1026 444 aedificassent,
1057 363 1207 431 mentitus
1227 376 1274 431 est

137 471 283 517 munera.
335 445 433 514 Unde
466 446 652 535 indignatus
681 449 791 537 Apollo
822 450 1031 539 pestilentiam
1064 449 1110 529 eis
1137 448 1273 527 immisit,

138 535 308 623 Neptunus
339 544 444 601 cetum
472 536 652 601 maximum.
695 537 801 623 Super
823 536 938 624 quibus
959 536 1035 613 dnm
1057 534 1275 605 consuleretur

74 677 77 683 ,
139 622 268 708 Apollo,
300 618 466 708 respondit
484 622 659 701 contraria,
691 620 822 700 dicens,
854 619 1086 706 omuesfilies
1106 620 1184 697 ejus
1204 630 1284 685 ceto·

113 720 212 778 essse
232 704 468 792 opponendos.
496 707 549 793 qui
574 716 674 773 totam
696 707 853 774 civitatem
875 703 1071 773 devastabat.
1106 704 1204 770 Tunc
1224 726 1276 771 su·
1308 704 1312 719 '

137 793 324 894 perveniens
346 788 523 869 Hercules,
553 790 629 857 dum
651 792 791 859 Colchos
835 801 952 871 etmel,
982 790 1161 858 Hesionam
1182 788 1276 857 filiam

138 879 238 965 ipsius
268 876 358 963 petiit
384 877 416 939 in
447 877 648 965 eonjugium,
699 902 773 944 riam
796 814 847 943 ilie
868 877 898 941 ei
920 877 1080 964 promisit,
1113 874 1140 942 si
1162 899 1183 941 a
1203 887 1274 943 ceto

138 973 249 1051 posset
277 984 347 1027 eam
376 960 520 1029 liberare.
578 902 755 1044 Herodes,
787 962 955 1029 interfecto
983 975 1073 1041 ceto,
1106 960 1306 1049 conjugem·

139 1049 199 1113 sihi
220 1048 408 1136 promissam
430 1049 538 1135 petiit;
559 1046 689 1115 sedilia
709 1049 858 1115 mentitus
879 1057 937 1114 cst.
980 1046 1077 1115 Unde
1092 1043 1276 1132 indignatus

99 1133 301 1199 10Hercuies
322 1133 444 1221 Trojae
464 1157 573 1201 muros
598 1132 754 1201 destruxit
782 1146 814 1201 et
842 1132 1019 1200 Hesionam
1042 1129 1169 1199 cuidam
1191 1132 1278 1199 socio

139 1241 198 1285 suo
220 1218 390 1284 Telamoni
410 1217 519 1302 dedit;
540 1242 581 1287 ex
601 1240 667 1308 qua
687 1234 780 1287 natus
801 1230 851 1287 est
871 1219 1013 1286 'Peucen
1044 1217 1130 1283 Nam
1150 1216 1279 1307 Ajacem

139 1327 179 1369 ex
209 1302 269 1369 alia
297 1314 424 1371 constat
449 1328 523 1374 esse
551 1317 670 1373 uatum.
718 1306 815 1377 Tunc
846 1304 1006 1375 Hercules
1036 1300 1204 1373 Priamum
1230 1324 1310 1393 re,

141 1389 284 1457 demtum
307 1413 326 1457 a
347 1389 443 1459 sociis
464 1393 497 1458 in
518 1403 652 1481 patemo
673 1412 778 1480 reguo
798 1390 922 1458 locavit
1277 1384 1297 1433 ·'

366 1545 473 1645 157:
514 1544 688 1623 Acesta
725 1559 770 1623 et
808 1547 1054 1647 Hippotes.

97 1679 133 1729 15
225 1662 417 1732 Laomedon
437 1680 648 1756 praenotatus
666 1691 742 1747 rex,
765 1667 934 1736 aedificata
954 1664 1014 1735 sihi
1035 1689 1057 1732 a
1075 1663 1229 1753 Neptuno
1250 1666 1289 1732 et'

141 1750 286 1839 Apolline
307 1752 425 1842 Troja,
448 1752 524 1820 dum
543 1754 706 1857 promissis
728 1776 785 1820 eos
809 1748 1200 1901 fraudassetltNeptnnus
1220 1750 1280 1817 ira-

141 1851 193 1905 tus
215 1848 305 1905 cetos
326 1837 469 1925 grandes
489 1841 562 1905 urhr
582 1851 718 1907 immrsrt.
762 1840 964 1926 Prolqurhus
987 1856 1088 1905 consu
1100 1847 1151 1903 tus
1171 1835 1281 1923 Apollo

139 1923 322 2011 respondit:
346 1921 572 2005 Objiciendas
592 1922 724 1990 nobiles
741 1924 880 2012 patellas
901 1921 1031 1988 belitae.
1064 1920 1162 1995 Quod
1182 1944 1279 2011 quum
1302 1978 1307 1993 .

141 2011 251 2089 fieret,
283 2009 397 2076 timeus
427 2009 587 2098 Hippotes
616 2008 745 2097 quidam
771 2008 883 2075 nobilis
903 2007 987 2074 filiae
1006 2008 1144 2075 Acestae
1163 2006 1280 2095 (quum

96 2103 135 2151 20
144 2094 372 2161 Laomedontis
401 2095 489 2180 regis
518 2095 582 2161 lilia
596 2095 665 2186 jain
686 2107 791 2175 esset,
819 2106 891 2161 orta
912 2093 1085 2175 seditione,
1114 2092 1290 2179 religata),

139 2180 506 2334 htt¹²³h⁰²0tttt
528 2180 627 2333 titt
643 2177 1281 2334 ‘¹⁰tittt'ltttnltttt⁵35-th

141 2317 342 2441 compressa,
368 2354 506 2419 Acesten
535 2317 650 2420 edidit':
687 2352 740 2441 qui
769 2375 807 2417 ex
837 2350 947 2418 matris
973 2349 1101 2417 nomine
1131 2312 1294 2443 Trojanid²

141 2439 297 2508 civitatem
321 2435 482 2519 condidit,
512 2462 596 2528 quae
617 2438 715 2507 hodie
735 2441 852 2519 Acesta
874 2435 1091 2521 nominatur!

95 2594 132 2644 25
539 2575 633 2652 158.
687 2578 880 2650 Teucer.

226 2696 358 2762 Teucer
379 2716 495 2786 quum,
516 2696 619 2787 Troja
639 2695 783 2783 spoliata,
808 2695 877 2760 sine
899 2694 997 2762 fratre
1017 2704 1105 2761 esset
1123 2712 1299 2770 reversus,-

140 2783 194 2871 qui
222 2806 258 2848 se
279 2782 389 2847 lurore
417 2792 548 2871 propter
567 2802 657 2847 arma
678 2779 802 2868 perdita
824 2778 950 2848 Achillis
970 2780 1194 2859 interemerat,
1220 2778 1280 2845 Sa-

137 2868 253 2935 lamine
274 2867 401 2957 pulsus,
424 2868 576 2935 Sidonem
599 2866 700 2946 renit3
727 2888 767 2932 ex
788 2888 851 2952 quo
872 2865 959 2932 Dido
983 2877 1100 2933 cuncta
1121 2865 1297 2951 cognovit'

139 2956 173 3021 Is
201 2955 350 3037 Teucer,
382 2952 470 3041 quod
497 2950 645 3018 auxilium
671 2974 736 3016 non
766 2950 891 3018 dederit
912 2952 1002 3019 fratri
1021 2975 1079 3017 suo
1101 2950 1280 3030 interfecto,

97 3051 177 3114 :som
204 3040 334 3128 quidam
359 3040 484 3117 volunt,
514 3037 601 3127 apud
622 3037 773 3125 Trojano:
801 3050 849 3116 et,
876 3036 964 3124 quod
985 3061 1059 3103 ossa
1080 3036 1150 3127 ejus
1172 3036 1206 3101 iu
1224 3055 1280 3123 pa·

140 3128 231 3194 trium
255 3150 319 3192 non
342 3124 506 3203 detulerit,
537 3133 572 3190 et
599 3122 696 3189 filium
727 3123 795 3211 ejus
821 3124 983 3213 parvulum
1005 3146 1115 3188 secum
1140 3143 1204 3187 non
1225 3118 1279 3187 ad·

61 3272 67 3279 .
140 3213 283 3295 duxerit,
316 3210 511 3277 credebatur
538 3230 613 3275 euru
641 3208 814 3290 occidisse,
847 3232 889 3275 ne
921 3208 1055 3275 coheres
1084 3207 1153 3297 ejus
1182 3220 1280 3287 esset3

141 3311 233 3365 actus
257 3308 390 3386 epatre
413 3296 447 3362 in
475 3293 618 3372 exilium,
651 3294 783 3373 Belum,
816 3294 1025 3361 Phoenicium
1055 3314 1167 3381 regern
1195 3291 1288 3369 adiit·

141 3385 195 3471 qui
224 3386 366 3473 Cyprum
394 3378 527 3447 insulam
559 3380 654 3447 armis
688 3384 871 3466 subegerat
927 3380 977 3445 lbi
1013 3379 1146 3447 'Teucer
1180 3378 1276 3463 longo

97 3468 223 3542 asbello
245 3472 357 3534 urbem
380 3465 542 3547 condidit,
567 3490 663 3557 quam
686 3465 877 3535 Salaminam
898 3466 1025 3532 nomine
1045 3465 1168 3554 patriae
1188 3486 1280 3555 roca·

139 3558 193 3625 vit.
235 3554 301 3621 Hic
322 3554 453 3621 Teucer
473 3574 546 3619 eum
567 3553 712 3620 hostibus
731 3552 854 3619 Danais
872 3552 940 3619 fuit
970 3551 1057 3619 Alius
1073 3561 1123 3618 est
1139 3549 1278 3629 Teucer,

141 3666 162 3709 a
191 3663 256 3730 quo
283 3638 417 3729 Trojani
446 3638 569 3706 Teucri
601 3637 768 3720 dicuntur,
800 3638 855 3727 qui
884 3649 958 3726 post
986 3634 1130 3703 Dardani
1158 3636 1278 3701 obitum

139 3726 263 3813 Trojae
289 3748 398 3791 muros
428 3724 582 3793 exstruxit
607 3738 641 3792 et
660 3723 826 3812 ampliavit
869 3723 947 3790 A'ax
968 3734 1075 3789 autem
1097 3734 1131 3789 et
1146 3718 1278 3787 Achilles

141 3811 300 3962 patruelpls
323 3813 467 3894 fuerunt,
488 3811 638 3902 quoniam
654 3812 810 3879 Telamon
833 3821 867 3879 et
878 3749 997 3877 licteus
1014 3808 1144 3875 suerunt
1158 3807 1278 3887 fratrer,

99 3899 239 3969 toheaci
272 3897 322 3963 rii.

369 4016 466 4103 159.Ι
517 4019 748 4093 Tithonus
784 4032 828 4093 et
855 4017 1051 4093 Aurora.

229 4139 388 4207 Tithonus
424 4139 483 4206 snit
518 4138 616 4206 frater
651 4137 897 4217 Laomedontis,
935 4136 1024 4223 regis
1058 4136 1279 4227 Trojnnorum.

133 4225 205 4297 Qui
225 4248 327 4313 quum
347 4226 520 4297 adamatus
543 4226 656 4295 l'uissct
676 4226 717 4291 uh
739 4230 880 4305 Aurora,
906 4224 997 4312 petiit
1019 4224 1060 4289 ah
1084 4246 1123 4289 ca
1144 4222 1279 4311 longitu-

7 4421 10 4426 ’
75 4423 175 4490 f·
