2684 4606
310 826 1063 1007 -unoonmrnm‘

553 1097 827 1126 ·····-—·
899 1110 902 1118 =

178 1461 181 1465 V
224 1280 444 1455 Biennium
470 1367 544 1444 fere
570 1382 644 1466 est,
679 1395 724 1444 ex
747 1393 820 1469 qno
844 1365 1009 1469 Angelus
1034 1364 1175 1471 lllajus‚
1202 1373 1257 1444 vir

109 1467 391 1566 illustrissimus,
427 1470 472 1546 de
493 1474 648 1573 antiquis
669 1457 899 1573 scriptdribus
920 1497 940 1544 e
964 1467 1257 1575 bibliothecarum

109 1570 314 1645 Italicarum
353 1571 495 1648 latebris
532 1577 570 1648 in
606 1574 723 1650 lucem
759 1571 979 1673 proferendis
1017 1570 1257 1665 immortaliter

108 1675 267 1768 meritus,
294 1675 333 1747 ia
352 1674 592 1751 Classicornm
606 1673 806 1755 ductorum
830 1675 1051 1753 evademis
1076 1666 1257 1751 codicibus

108 1776 282 1850 editorum
300 1776 477 1852 volumine
491 1780 553 1853 Ill
579 1790 651 1855 trcs
675 1806 794 1854 rerum
815 1774 1048 1879 mythicarum
1065 1778 1266 1877 scriptores

108 1877 257 1953 ineditos
277 1881 373 1980 typis
393 1882 638 1980 exprimendos
657 1883 810 1977 curavit,
836 1880 986 1980 quorum
1002 1880 1116 1979 prima
1134 1872 1266 1955 notitia'

76 1992 147 2055 ·ut
171 1980 346 2079 bonarum
371 1982 565 2059 litterarum
596 1984 762 2059 studiosis
791 1996 867 2058 erat
889 1981 1172 2083 jucundissima,
1206 1984 1256 2057 ita
1318 1992 1322 2003 '

67 2140 71 2149 ,
107 2082 266 2182 plurimis
298 2090 411 2160 novae
443 2112 565 2160 eornm
594 2087 754 2162 editionis
784 2088 822 2160 iu
856 2082 1047 2178 Germania
1078 2083 1254 2183 parandae

80 2185 318 2267 ¹desiderium
351 2188 605 2265 commovebat.
636 2237 639 2242 Α
673 2188 786 2289 Cujus
813 2189 865 2263 rei
888 2180 1144 2295 „suscipiendae
1169 2212 1254 2261 con·

108 2287 222 2360 silium
246 2314 356 2388 quum
380 2289 600 2365 hortantibus
626 2293 711 2366 viris
736 2290 869 2386 doctis,
902 2316 1053 2389 quorum
1078 2287 1173 2389 apud
1197 2317 1258 2377 mc*

111 2389 297 2489 plurimum
330 2391 423 2467 valet
455 2396 687 2488 auctoritas,¹
719 2395 836 2466 animo
867 2393 1008 2467 volvere
1044 2393 1251 2490 coepissem,

112 2492 210 2590 plura
238 2518 278 2566 se
308 2493 395 2566 mihi
425 2493 628 2570 obtulerunt
657 2495 787 2570 auxilia
816 2493 864 2567 ad
890 2494 1018 2568 horum
1042 2496 1254 2592 scriptorum
1289 2522 1291 2533 ·

67 2642 76 2691 ‚q
113 2593 216 2668 verba
239 2594 365 2670 melius
390 2597 633 2672 constituenda
658 2599 849 2698 aptissima:
901 2597 960 2671 De
984 2594 1113 2696 quibus
1138 2597 1252 2694 prius·

67 2696 77 2803 f*
115 2722 235 2795 quam,
268 2710 309 2772 ut
332 2725 398 2798 par
419 2710 492 2792 cst,
524 2694 723 2800 exponam,
754 2701 880 2774 iterare
897 2696 1001 2798 juvat
1021 2723 1112 2796 quae
1130 2697 1262 2798 Majus¹
1315 2780 1320 2793 Ι

67 2806 76 2863 i
116 2797 251 2875 editioni
272 2827 358 2874 suae
378 2803 558 2901 praefatus
579 2815 652 2898 est,
679 2813 721 2876 ut
745 2799 832 2903 quid
852 2802 907 2874 vir
926 2800 986 2886 ille
1005 2801 1253 2901 sagacissimus

72 2918 86 2951 '·
118 2924 217 2997 quum
242 2900 286 2976 de
310 2904 398 3002 ipsis
419 2903 548 3004 quihus
572 2932 658 2987 usus
679 2917 733 2979 est
755 2901 936 2989 codicibus
947 2902 1148 2998 Vaticanis,
1163 2893 1253 2977 ‘tum

71 2952 155 3105 lgde
172 3002 298 3079 horum
319 3007 570 3105 opusculorum
589 3005 793 3093 auctoribus
813 3002 1132 3105 eorumque'aetatc
1154 3005 1252 3079 dixe·

80 3122 89 3233 p
122 3104 174 3200 rit,
207 3106 356 3183 lectores
385 3111 451 3182 rite
483 3122 713 3210 cognoscant.
773 3109 943 3183 Nostram
967 3109 1051 3182 vero
1076 3109 1126 3179 ita
1150 3107 1251 3180 insti·

84 3244 93 3317 p
124 3216 245 3284 namus
275 3213 489 3306 orationem,
532 3224 572 3287 ut
604 3215 755 3312 primum
788 3207 1008 3312 gravioribus
1040 3209 1111 3282 illis
1144 3235 1251 3311 quae-

125 3311 276 3387 stionibus
301 3339 323 3386 a
344 3313 444 3414 Majo
469 3316 571 3388 motis
596 3314 782 3389 nonnullas
807 3311 1063 3414 subjungamus
1086 3310 1250 3386 observa·

127 3410 305 3513 limculas3
351 3415 476 3490 deinde
509 3415 616 3517 hujus
646 3416 808 3491 editionis
841 3440 931 3515 quae
961 3416 1009 3502 sit
1039 3416 1151 3509 ratio,
1188 3416 1251 3513 qui

92 3546 96 3607 3
128 3507 209 3611 inis,
244 3519 367 3617 paucis
391 3519 600 3593 indicemus.
653 3512 718 3594 Sic
742 3513 1018 3619 igitnrMajus:

94 3642 97 3649 ·
186 3619 217 3693 l.
251 3622 408 3695 “Latini
429 3619 678 3722 mpthographi
697 3631 847 3720 quatuor
870 3617 1109 3693 tantummodo
1132 3618 1284 3723 entant¹

94 3786 98 3797 .
129 3711 384 3797 beditionihns
396 3751 408 3820 3
447 3751 527 3796 nem
553 3750 572 3797 e
602 3723 711 3826 vulgo
744 3723 866 3802 dictus.
886 3719 932 3796 C.
957 3722 1150 3821 Hyginus,
1188 3722 1251 3818 qui

95 3866 100 3917 t
129 3834 203 3897 arte
224 3821 382 3924 Augusti
410 3751 674 3902 bibliothecario
699 3827 969 3923 recentiores,
1004 3821 1136 3897 Fabius
1162 3820 1250 3901 Ful·

96 3922 245 4017 ipatius
276 3927 510 4025 Planciades3
548 3929 755 4015 Lactantius
786 3924 956 4019 Placidus
985 3926 1247 4025 grammaticus,
1315 3956 1318 3963 ·

129 4027 177 4120 qui
197 4029 375 4105 ovidianas
399 4029 536 4104 fabulas
561 4033 757 4128 enarravit3
797 4029 948 4130 denique
971 4024 1143 4103 Alhricus
1170 4025 1249 4124 phi·

129 4119 297 4230 bsophus,
341 4134 404 4232 qui
437 4132 481 4207 de
509 4133 719 4235 imaginibus
750 4132 895 4207 deorum
928 4128 1249 4207 commentariolum

98 4286 106 4341 ,
129 4229 262 4335 reliquit.
316 4234 410 4315 Mihi
436 4235 629 4321 vaticanam
653 4234 898 4351 bibliothecam
913 4259 986 4337 pro
1008 4259 1086 4340 mco
1107 4257 1249 4307 munere

98 4346 106 4501 l

94 4516 106 4565 l
