2684 4606
534 129 758 263 anomacus.
934 185 937 192 ¹
1163 181 1228 238 xu

169 352 205 418 8.
249 349 353 420 Dacia
373 360 407 417 et
440 349 555 418 Getica
586 352 748 417 liniuntur
769 350 811 416 ah
847 348 972 416 oriente
995 346 1132 416 desertis
1155 350 1229 417 Sar·

85 437 217 520 matiae,
232 438 283 502 ah
303 438 472 504 occidente
489 432 628 505 flumine
644 437 791 521 Vistula,
813 459 832 507 a
851 436 1076 524 septentrione
1094 458 1230 520 oceano,

77 548 104 587 -a
126 523 265 588 meridie
286 524 423 588 flumine
446 523 557 608 Istro,
595 548 679 627 quae
701 532 815 612 patent
846 522 1111 613 in'longitudinc
1131 523 1233 588 'milia

84 633 244 697 passuum
262 606 474 692 CCLXXX,
505 610 541 673 in
566 609 762 694 latitudine,
792 617 950 697 quantum
978 608 1147 698 cognitum
1167 619 1231 693 est,

83 696 176 761 milia
197 719 355 788 passuum
376 693 689 761 CCCLXXXIm
794 764 796 770 Α
843 720 846 724 ·

168 808 205 873 9.
252 805 410 876 Sarmatia
432 819 465 875 et
487 809 620 899 Scythia
641 809 765 876 taurica
786 809 948 875 finiuntur
968 802 1009 873 ah
1033 807 1159 874 oriente
1179 807 1230 873 iu·
1333 856 1337 886 ,

85 891 137 980 gis
158 893 284 959 montis
302 895 429 979 Tauri,
451 897 493 961 ah
517 896 686 962 occidente
707 897 844 968 flumine
866 895 1093 984 Borysthene,
1114 919 1134 959 a
1157 917 1231 984 sep·

85 979 251 1045 tentrione
284 988 431 1064 oceano,
468 1005 486 1046 a
514 982 652 1048 meridie
682 983 851 1071 proviheia
898 982 1025 1063 antica,
1084 1005 1144 1046 uae
1175 1004 1231 1051 ex.-

84 1065 277 1154 panduntur
288 1065 324 1131 in
336 1067 542 1156 longitudine
553 1069 644 1155 ¹utilia
658 1092 815 1156 passuum
825 1005 1001 1135 DIICCCL
1108 1111 1119 1149 ,
1139 1066 1173 1130 in
1185 1067 1231 1131 la-

84 1151 241 1236 titudine,
254 1163 413 1242 quantum
426 1155 594 1244 cognitum
605 1164 668 1238 cst,
680 1154 771 1219 milia
780 1176 938 1244 passuum
948 1151 1231 1219 CCCLXXXIII.

128 1278 229 1380 1¹⁰·
275 1248 389 1380 Insula
416 1277 547 1378 Creta,
572 1289 606 1343 et
638 1301 723 1380 quac
751 1277 838 1343 circa
856 1268 969 1380 sunt,
998 1274 1160 1379 finiuntur
1190 1275 1233 1340 ah
1328 1264 1339 1274 ‘¹

88 1375 216 1428 orrentc
239 1387 322 1429 marr
350 1366 539 1452 carpathio,
575 1365 616 1430 ah
646 1364 815 1429 occulente
836 1389 919 1443 marr
949 1373 1089 1446 crctrco,
1119 1387 1138 1427 a
1164 1378 1232 1428 me·
1335 1419 1338 1423 .

87 1449 172 1514 ridie
193 1449 276 1514 mari
296 1450 419 1538 libyco.
465 1449 562 1514 Creta
579 1459 673 1540 patet¹
690 1449 726 1514 in
742 1450 949 1538 longitudine
965 1448 1056 1515 milia
1076 1472 1233 1539 passuum

88 1533 288 1619 CLXXIII,
311 1535 346 1601 in
368 1535 541 1600 latitudine
563 1537 654 1601 milia
672 1559 834 1624 passuum
855 1559 914 1600 sex
936 1533 993 1625 ().
1337 1613 1340 1621 Ι

173 1650 228 1714 11.
273 1646 467 1715 Macedonia
489 1657 524 1712 ct
542 1647 790 1739 Hellespontus¹
804 1661 837 1716 et
857 1675 933 1740 pars
948 1646 1055 1715 'Ponti
1072 1648 1234 1715 finiuntur
1310 1646 1313 1655 ’

87 1732 129 1797 ah
152 1735 278 1799 oriente
299 1735 382 1799 mari
402 1720 551 1823 pontico,
575 1734 617 1800 ah
642 1738 813 1803 occidente
835 1737 973 1823 dcsprtis
994 1734 1193 1818 Dardaniae,
1213 1759 1235 1800 a

89 1821 314 1923 septentrione
338 1820 475 1922 flumine
496 1819 603 1905 Istro,
628 1845 648 1887 a
669 1824 982 1976 ιιιενίᾶίἳωαζιῇιιεο57
1003 1846 1087 1913 qrme
1120 1831 1234 1913 patent

86 1929 122 1970 m
143 1907 352 1997 longatudms
374 1907 465 1972 mrha
489 1930 647 1995 passuum
667 1907 787 1976 CCCX
896 1957 904 1976 .

176 2020 235 2084 12.
280 2017 427 2110 Epirus,
465 2018 613 2103 Achaia,
638 2020 812 2087 'l'hssssalia
838 2022 1002 2088 finiuntur
1030 2020 1071 2085 ah
1107 2019 1234 2085 oriente

87 2105 171 2173 mari
193 2102 342 2196 aegaei»,
366 2130 385 2170 a
406 2105 630 2194 scptentrionc
656 2108 823 2172 montibus
847 2108 942 2175 Pelio
965 2119 998 2174 et
1027 2105 1235 2196 Olympo,t

87 2191 225 2258 meridie
245 2192 328 2257 mari
350 2192 455 2257 siculo
476 2202 511 2257 ct
529 2191 660 2280 libyco,
684 2217 823 2280 quarum
844 2217 860 2259 s
885 2195 948 2259 atia
970 2195 1005 2259 in
1028 2191 1234 2284 longitudine

86 2278 180 2345 milia
201 2303 358 2368 passuum
379 2268 525 2361 DCCX,
552 2277 587 2341 in
609 2276 782 2344 latitudine
802 2218 1049 2351 chLXXVJ.

136 2448 140 2453 .
175 2392 230 2457 13.
275 2391 389 2457 Insula
417 2389 545 2475 Sicilia,
560 2402 604 2457 et
636 2415 721 2482 quae
754 2392 840 2458 circa
873 2405 963 2479 sunt,
978 2432 981 2436 -
996 2393 1160 2459 finiuntur
1191 2387 1232 2452 ah

87 2477 217 2545 oriente
246 2488 279 2543 et
310 2478 495 2563 occidente,
517 2477 596 2543 item
617 2479 853 2568 septentrione,
874 2481 957 2545 mari
979 2477 1193 2568 tyrrhenico,
1214 2498 1235 2538 a

85 2563 227 2630 meridie
249 2563 332 2629 mari
346 2563 460 2630 africo.
519 2562 633 2630 Sicilia
654 2575 743 2654 patet
765 2565 801 2631 in
822 2566 878 2631 lon
903 2566 1029 2632 itudine
1049 2563 1140 2628 milia
1160 2583 1233 2649 pas·

87 2675 188 2717 suum
207 2675 226 2714 a
247 2649 367 2717 Peloro
387 2653 555 2742 usquead
574 2651 766 2738 Pachynum
786 2651 814 2719 G
970 2706 973 2713 .
998 2651 1035 2736 I,
1069 2649 1105 2714 in
1124 2647 1233 2727 latitu-

86 2737 166 2802 dine
189 2736 280 2803 milia
302 2761 460 2826 passuum
489 2736 764 2807 CLXXXVIIII.

81 2906 84 2913 .
176 2851 234 2915 11.
285 2848 367 2916 Pars
398 2851 512 2917 Italiae
546 2853 661 2918 finitur
690 2853 732 2918 ah
763 2852 890 2919 oriente
912 2850 996 2918 mari
1023 2845 1179 2914 adriatico
1200 2853 1235 2910 et

87 2937 174 3000 freto
196 2936 286 3026 quod
307 2948 357 3003 est
378 2937 465 3003 inter
492 2938 638 3005 Siciliam
661 2950 694 3005 et
713 2939 871 3023 ltaliam„
897 2939 939 3011 ah
961 2935 1131 3004 occidente
1151 2929 1235 2995 urhe

88 3022 210 3107 Roma,
230 3046 249 3086 a
273 3023 495 3114 septentrione
517 3024 593 3089 sinu
614 3025 783 3109 adriatico,
807 3050 825 3090 a
845 3024 983 3091 meridie
1003 3020 1086 3086 mari
1106 3019 1234 3106 tyrrhe-

86 3108 177 3174 nico.
221 3108 316 3175 Patet
337 3110 373 3174 in
395 3111 602 3200 longitudine
623 3111 714 3177 milia
758 3135 891 3178 assuum
912 3103 1177 3187 CCCXLVIIII,
1198 3102 1236 3168 in

88 3193 265 3261 latitudine
283 3193 374 3260 milia
394 3220 550 3286 passuum
571 3136 777 3263 CCXXIIII.
1304 3208 1306 3213 ·

175 3309 230 3373 15.
276 3308 357 3373 Pars
377 3309 490 3377 Italiac
516 3310 558 3375 ad
585 3309 677 3399 alpes
711 3308 826 3375 finitur
857 3304 898 3373 ab
927 3307 1054 3374 oriente
1082 3302 1178 3369 Istria
1202 3311 1235 3366 et

87 3393 229 3478 Carnis,
267 3395 309 3460 ah
338 3396 507 3461 occidente
551 3397 638 3461 iuis
669 3397 816 3485 alpium,
843 3419 871 3459 a
902 3393 1125 3499 septentrione
1157 3387 1233 3454 sinu

87 3481 259 3563 adriatico,
283 3505 302 3545 a
323 3483 460 3547 meridie
482 3482 569 3547 mari
586 3421 740 3572 iigustico
762 3491 796 3545 et
811 3480 1021 3564 tyrrhenus,
1044 3477 1137 3543 cuius
1159 3499 1176 3538 s
1201 3496 1233 3537 a·

86 3568 134 3632 tia
165 3567 200 3631 in
228 3566 434 3656 longitudine
459 3568 549 3633 milia
603 3591 735 3635 assuum
768 3565 969 3650 DCCCXX,
1003 3566 1039 3640 in
1060 3498 1233 3628 latitudine

87 3652 180 3720 milia
210 3676 367 3742 passuum
398 3592 601 3720 cccxxld

149 3771 232 3859 416.
277 3769 389 3835 Insula
412 3766 546 3833 Corsica
576 3766 691 3831 finitur
720 3764 761 3831 ah
782 3760 1154 3868 oriente-promontorip
1184 3730 1264 3825 sas

87 3878 159 3940 cro,
185 3856 232 3920 *ah
257 3856 426 3923 occidente
445 3852 642 3921 Proturiauo
662 3851 721 3944 (2),
743 3876 762 3918 a
784 3860 1007 3941 septentrione
1028 3849 1194 3941 hgustrco,
1214 3871 1234 3910 a
1307 3949 1308 3953 Ἰ

161 4068 266 4141 (1)'Ita
285 4073 378 4131 codex.

159 4181 219 4252 (a)
235 4183 276 4235 Ita
294 4183 353 4240 cod.
389 4185 460 4240 Num
486 4186 615 4241 clariano
644 4188 685 4240 vel
717 4184 870 4241 Atrianus
904 4198 1067 4255 quamquam
1087 4182 1160 4236 haee
1176 4183 1251 4230 tosa

89 4256 215 4311 Corsicae
233 4255 367 4310 orientalia
383 4266 453 4312 suut.
