2684 4606
138 160 220 236 sas
454 160 639 265 nymp.
667 160 740 235 111.
794 160 835 236 a.
889 157 956 237 ra.
1044 135 1089 167 ”
1318 33 1336 425 1

140 350 226 417 Nam
252 348 365 438 triplex
394 359 443 416 est
470 340 646 440 seonudum'
682 346 885 437 philosophos
916 347 1091 416 animarum
1120 350 1281 439 purgatio.

143 440 205 503 Aut
240 437 323 502 enim
354 436 386 501 in
415 448 502 502 terra
527 445 724 524 purgantur,
762 434 850 523 quod
885 433 1031 503 videlieet
1063 436 1282 523 corporalibus

144 519 363 589 blandimentis
392 519 539 600 deditae,
570 521 663 588 variis
697 521 822 588 inerant
852 519 1001 587 sordibus
1029 542 1221 623 oppressae,
1250 522 1283 591 id

136 620 195 687 ¹est
213 608 245 674 in
267 630 403 695 corpora
426 620 553 673 terrena
572 617 754 687 transeunt;
787 618 820 672 et
847 606 908 671 hae
935 606 1003 757 igni
1032 607 1185 676 dicuutur
1209 630 1284 696 pur·

121 695 237 781 ogari;
275 693 358 780 ignis
379 693 479 771 enim,
507 715 573 780 qno
594 692 700 758 omnia
721 703 912 769 exuruntur,
966 703 1090 759 eterra
1111 704 1180 775 est:
1212 716 1285 763 nuru

147 779 291 846 caelestis
319 778 391 843 nihil
416 779 556 867 perurit3
600 777 707 847 autin
729 800 829 866 aqna,
862 777 896 843 id
917 777 1018 846 estin
1041 801 1180 868 corpora
1200 791 1286 847 nan·
1328 782 1331 793 '

146 875 240 932 seunt
269 865 404 942 marina,
440 865 467 931 si
493 864 588 953 paulo
619 862 728 931 melius
759 864 909 940 vixerint:
942 873 1000 929 aut
1027 880 1116 932 certe
1147 866 1181 931 iu
1211 872 1287 935 aero

147 950 371 1031 transeundo,
389 948 423 1016 id
449 962 500 1017 est
527 952 614 1017 adria
643 971 780 1039 oorpora
808 948 1030 1035 suscipiendo,
1058 950 1084 1017 si
1106 952 1184 1019 sutis
1205 952 1288 1019 bene
1322 954 1336 1013 v'

147 1036 287 1104 vixerint
324 1033 421 1109 Quod
442 1057 523 1122 ergo
542 1036 574 1101 in
595 1035 700 1104 Statio
721 1035 815 1103 etiam
838 1035 983 1121 legimus,
1005 1035 1059 1101 ubi
1081 1035 1124 1102 de
1142 1036 1287 1125 auguriis
1323 1046 1336 1095 l

110 1133 275 1189 retraetat.
318 1119 398 1186 lnde
428 1121 521 1188 etiam
549 1123 581 1188 in
613 1120 711 1188 saeris
738 1121 883 1187 omnibns
905 1131 970 1188 tres
991 1120 1072 1187 istae
1093 1146 1288 1213 compurga-
1331 1138 1336 1205 i

150 1209 251 1275 tiones
281 1222 362 1274 sunt.
405 1207 489 1273 Nam
514 1219 570 1275 aut
590 1205 686 1274 taeda
709 1219 888 1295 purgantur
909 1206 956 1272 vel
978 1206 1147 1294 sulphure,
1178 1219 1237 1275 aut
1256 1210 1288 1274 iu
1332 1216 1336 1235 ¹

150 1315 233 1381 aqua
247 1292 427 1374 ablnuntur,
450 1305 505 1360 aut
525 1294 556 1359 in
576 1298 652 1359 aere
673 1293 877 1371 ventilantur:
898 1292 985 1379 quod
1007 1293 1038 1358 in
1057 1295 1158 1363 saeris
1178 1293 1288 1362 Liberi
1328 1300 1336 1373 j

150 1380 249 1466 patris
270 1379 339 1443 lieri
361 1379 532 1446 oonsuevit.
576 1378 672 1446 Unde
693 1391 760 1446 est:
787 1416 830 1427 -
858 1374 989 1466 tibique

236 1461 371 1530 oscilla
391 1488 435 1531 ex
455 1464 532 1529 alto
554 1464 770 1552 srtspemlunt
787 1463 908 1530 mollica
926 1462 1027 1550 pinu.

111 1550 237 1625 15Nnm
266 1560 298 1614 et
326 1548 390 1615 hoo
419 1572 523 1637 genus
552 1561 622 1617 eret
644 1548 853 1637 purgationis.
895 1547 932 1614 In
954 1548 1032 1637 ipsis
1052 1545 1157 1613 etiam.
1170 1568 1290 1637 purga·

152 1634 290 1709 tionibus
312 1635 431 1703 bonum
452 1635 509 1704 Vir
535 1634 604 1703 ilius
625 1648 755 1702 secutus
777 1644 828 1701 est
853 1634 996 1700 ordinem
1026 1631 1231 1717 meritorum,
1257 1647 1290 1701 ut
1322 1648 1329 1669 ’·

152 1722 287 1810 primum
309 1720 446 1809 aeriam,
476 1656 553 1786 iniie
574 1742 694 1809 aquae,
717 1732 790 1808 post
808 1718 892 1869 ignis
916 1718 1039 1786 diceret
1057 1719 1290 1806 purgationem.
1332 1734 1336 1795 j

152 1807 248 1896 Ajnnt
280 1806 392 1887 otiam,
423 1828 477 1873 eas
499 1806 636 1887 animas,
664 1828 748 1894 quoe
774 1827 857 1871 mae
877 1804 1024 1886 vixerint,
1052 1805 1162 1873 statim
1181 1803 1226 1873 ad
1245 1805 1290 1871 in-
1320 1884 1328 1895 ,

154 1892 410 1978 corporationem
439 1891 561 1973 redire3
601 1912 686 1979 quae
712 1889 840 1969 meins,
874 1891 1013 1971 tardius;
1048 1911 1133 1977 quae
1163 1890 1291 1979 optime,

112 1988 228 2044 20onm
258 1976 435 2043 numinibus
465 1976 638 2044 diutissimo
667 1990 812 2075 tempore
836 1998 917 2042 esse.
959 1972 1057 2051 Quod
1078 1987 1187 2043 autern
1205 1974 1294 2047 addit

155 2064 323 2149 Virgilius:
364 2063 519 2149 Quisque
551 2086 630 2130 snos
659 2072 822 2148 patentur
858 2085 995 2141 rnartes,
1038 2061 1111 2129 sive.
1140 2061 1294 2151 supplicia

156 2150 239 2215 varia
268 2146 414 2233 relinquit
441 2146 587 2235 intelligi,
618 2170 702 2236 quae
730 2158 805 2213 sunt
832 2146 918 2234 apud
946 2168 1056 2213 manes
1091 2147 1158 2231 (ut
1176 2150 1204 2216 si
1224 2148 1292 2236 quis
1334 2184 1336 2215 ;

155 2235 256 2301 dieat:
285 2232 464 2321 judiciam
481 2234 658 2320 patiatur,
688 2229 723 2299 id
752 2243 802 2300 est
830 2255 870 2298 ea
894 2256 978 2321 quae
997 2233 1029 2297 in
1045 2230 1170 2320 judioio
1193 2235 1295 2301 eonti-
1324 2296 1328 2311 ,

155 2320 306 2406 nentur),
346 2318 411 2386 siro
436 2317 528 2389 ¹alind
564 2316 642 2406 quid
669 2318 763 2409 juxta
796 2317 943 2385 Servium
974 2317 1078 2385 verius
1107 2331 1169 2385 est.
1210 2319 1295 2387 Num
1334 2348 1336 2355 ·

113 2424 272 2495 usquam,
305 2405 422 2492 inquit,
460 2403 636 2486 nascimur,
668 2405 751 2472 duos
770 2404 892 2471 Genios
920 2404 1088 2482 sortimur;
1122 2425 1206 2472 unus
1238 2418 1296 2487 est,

156 2492 209 2582 qui
232 2489 274 2556 ad
297 2493 381 2557 bona
401 2490 565 2571 bortatur,
586 2489 684 2572 alter,
709 2490 763 2579 qui
784 2490 939 2580 depravat
957 2489 999 2556 ad
1020 2488 1111 2557 mala.
1154 2490 1230 2558 Neo
1250 2491 1296 2559 in-

156 2599 302 2664 congrue
330 2577 478 2644 dicuntur
499 2576 610 2656 Genii,
650 2577 725 2664 qnia
752 2598 850 2665 quum
879 2576 949 2664 quis
977 2576 1141 2643 hominurn
1167 2576 1296 2663 genitus

156 2665 263 2743 suerit,
285 2662 313 2729 ei
334 2663 440 2731 statim
459 2664 682 2730 observatores
698 2662 910 2752 deputanturg
931 2661 1045 2750 quibus
1065 2662 1297 2743 assistentibus,

157 2762 231 2838 post
254 2762 388 2815 mortem
411 2761 466 2815 aut
486 2749 657 2815 asserimur
677 2750 710 2814 in
731 2749 826 2816 vitam
848 2747 1032 2828 meliorem,
1059 2759 1117 2815 aut
1144 2749 1299 2819 condem,
1334 2804 1336 2809 .

115 2857 271 2905 sanamur
291 2834 322 2898 in
346 2833 553 2915 deteriorem3
582 2856 639 2923 per
659 2857 741 2938 ‹puos
762 2845 818 2901 aut
838 2835 1051 2920 vagationem,
1070 2831 1104 2897 id
1120 2846 1171 2902 est
1186 2857 1298 2903 asoen·
1334 2894 1336 2901 .

157 2921 278 2985 sionem
299 2919 342 2985 nd
361 2941 516 3019 superna,
537 2930 592 2987 aut
613 2920 750 2989 reanum
771 2941 951 2986 mereamur
969 2919 1002 2985 in
1023 2940 1171 3010 corpora.
1204 2921 1299 3010 Ergo

157 3028 267 3071 manes
289 3003 411 3070 Genios
432 3005 526 3084 dioit,
557 3028 638 3093 quos
660 3029 734 3073 oum
755 3006 818 3073 rita
838 3005 996 3072 sortimur.
1244 3086 1248 3093 =
1331 3066 1334 3071 .

243 3091 293 3156 19.
335 3088 428 3179 Apud
465 3090 627 3158 Plotinum
663 3091 886 3181 philosophum
918 3105 1026 3160 tamen
1060 3101 1095 3157 et
1125 3090 1206 3159 alios
1238 3114 1302 3160 nou

126 3256 130 3263 Ι
158 3198 279 3267 paucos
302 3175 356 3243 diu
378 3176 556 3263 quaesitum
578 3189 644 3252 est,
666 3191 773 3246 utrum
795 3200 853 3267 per
873 3199 911 3243 se
931 3176 1043 3243 mentis
1058 3188 1189 3245 nostrae
1205 3178 1305 3259 aoies,
1332 3220 1336 3237 ·

115 3285 199 3339 35an
229 3262 335 3350 potius
365 3263 497 3352 alicujus
528 3263 662 3330 numinis
684 3265 819 3352 impulsu
841 3262 882 3329 ad
907 3262 1097 3353 cupiditates
1118 3274 1152 3331 et
1172 3264 1304 3333 oonsiliu
1333 3284 1336 3301 ¹

160 3362 334 3415 moveatur.
375 3349 420 3415 Et
439 3348 548 3436 primi,
570 3349 624 3437 qui
644 3361 766 3418 mentes
789 3351 944 3417 humanas
965 3360 1080 3438 sponte
1101 3372 1162 3416 sua
1182 3350 1305 3417 moveri

160 3433 326 3513 dixerunt,
365 3433 646 3521 deprehenderunt
672 3448 797 3515 tamen,
828 3433 869 3501 ad
898 3436 1004 3502 omnia
1032 3436 1168 3502 honesta
1197 3437 1304 3503 Genio

159 3530 192 3587 et
213 3521 341 3590 numine
361 3520 500 3610 quodam
522 3521 664 3589 familiari
684 3547 743 3589 nos
763 3520 896 3610 impelli,
930 3520 1019 3610 qnod
1047 3523 1140 3588 uobis
1170 3544 1305 3589 uasueu·
1320 3570 1336 3609 ·,

158 3607 244 3674 tibus
267 3605 383 3687 datum
420 3629 516 3693 prava
541 3630 616 3673 vero
640 3623 748 3677 nostra
770 3618 877 3674 mente
900 3611 1019 3697 cupere
1041 3630 1099 3673 nos
1122 3621 1157 3676 et
1176 3606 1304 3676 deside·
1319 3612 1336 3677 ·i

117 3713 243 3763 serare.
291 3694 363 3760 Nee
393 3694 492 3771 eninr,
520 3693 681 3782 inquiunt,
711 3694 781 3761 lieri
809 3707 931 3782 potest,
961 3708 997 3761 ut
1023 3716 1121 3780 prava
1142 3696 1306 3763 numinum
1330 3680 1336 3761 i

160 3778 320 3847 voluntate
358 3779 541 3865 sopiamus,
582 3781 696 3869 quibus
739 3778 812 3847 nihil
857 3780 974 3848 malurn
1007 3781 1136 3869 plaeere
1170 3792 1330 3853 onustat.-

112 3930 115 3937 ,
160 3864 255 3932 Unde
279 3867 349 3932 alibi
372 3867 540 3951 Virgilius:
1072 3916 1078 3921 .

122 4026 125 4031 Ι
248 3990 288 4000 -
331 3952 426 4016 Dine
448 3951 539 4016 lerino
561 3948 721 4014 ardorem
742 3950 917 4019 mentibus
937 3951 1094 4027 addecet,

122 4030 130 4065 '
246 4036 426 4123 Enryolei
464 4059 512 4099 art
535 4058 599 4099 esea
622 4036 744 4123 cuique
767 4036 852 4100 dens
862 4034 916 4121 fit
938 4037 1019 4101 dira
1042 4036 1195 4123 cupido?

121 4145 202 4195 snae
224 4121 249 4188 si
272 4120 410 4189 discretz
448 4123 479 4187 0
509 4121 560 4186 Eu
600 4121 665 4200 ule,
692 4121 778 4186 diiue
801 4123 915 4188 uostris
939 4122 1096 4188 montibus
1118 4120 1307 4211 cupiditates

156 4210 313 4295 ingerunt
344 4219 377 4274 et
407 4204 567 4274 desideria
632 4229 671 4273 au
704 4206 784 4274 deus
816 4208 852 4275 lit
881 4208 949 4296 ipsa
978 4207 1093 4273 mentis
1128 4206 1306 4297 cupiditas?

261 4436 324 4489 ,f
