2684 4606
491 147 788 291 raooaumu
1166 201 1206 257 ra
1261 248 1264 261 ⁴

60 365 254 443 dissidere:
282 363 448 468 quodque
464 366 578 466 plmis
596 369 756 466 interest,
775 368 880 445 »omni
895 367 980 442 hinc
999 365 1207 443 lacunarum
1311 412 1328 430 «4

58 468 282 559 incommodo
323 469 481 569 expediri
518 469 723 560 editionemx
747 497 860 547 meam
896 495 1001 571 posse
1039 473 1203 573 cognovi.

58 575 146 649 dam
172 573 398 647 chartaceum
422 571 519 646 bunc
547 573 774 650 codiecmex
796 574 992 673 antiquiore
1014 570 1217 673 exemplari

58 676 169 751 fuisso
194 674 438 785 desumptum,
473 677 632 776 Reginae
662 677 723 755 ille
751 689 915 779 pervetus
945 676 1031 750 satis
1060 675 1205 750 demon·

59 790 172 853 strata
200 789 277 852 tum
301 804 385 853 vero
409 772 548 878 in'ipso
571 779 756 877 chartacop
781 790 877 855 carta
902 776 979 878 ejus
1002 779 1055 853 rei
1075 778 1219 853 indicia.

60 893 164 977 sunt,
193 906 309 955 vacua
331 881 466 955 sedicet
483 886 522 955 in
545 884 684 983 paginis
709 885 822 983 spatia
845 907 869 956 a
888 880 1031 957 librario
1048 882 1207 981 sparsim
1293 951 1296 957 .
1319 970 1324 979 .

59 984 204 1077 relicta,
239 984 324 1085 quia
349 983 544 1058 fatiscentis
568 996 742 1060 vetustate
767 984 1120 1084 exemplaris,'unde
1143 1009 1206 1058 ex·

61 1085 260 1179 scribebat,
292 1084 389 1159 haud
413 1088 530 1162 omnia
552 1087 660 1162 verba
684 1087 800 1188 legare
821 1089 947 1188 potuit.
1000 1083 1209 1163 Secundum

59 1215 144 1290 ergo
174 1186 473 1289 mytbographum
500 1192 635 1290 antiqui
664 1191 796 1291 codicis
818 1190 1028 1264 auctoritate
1059 1187 1202 1282 fultum,

59 1293 264 1366 recentioris
305 1289 476 1366 beneficio
513 1293 748 1393 completum,
772 1290 1012 1369 errabamus
1084 1292 1207 1383 ,Porro

10 1486 12 1501 Ι
60 1392 144 1467 hnic
168 1392 381 1495 mythologo
409 1397 636 1517 praeponitur
663 1398 701 1469 in
732 1394 929 1496 antiquiore
960 1388 1081 1469 codice
1112 1392 1207 1466 indi-
1287 1478 1289 1485 Ι

60 1496 162 1570 culus
201 1495 422 1590 fabularum,
473 1524 537 1598 qm
568 1500 736 1599 quoniam
768 1523 810 1572 ea
846 1497 937 1571 serie
971 1493 1207 1588 scribebatur‚·

59 1624 167 1697 qnam
184 1607 306 1672 tenent
325 1598 484 1694 fabulae,
512 1625 534 1672 a
551 1626 608 1675 me
627 1601 818 1700 prudenter
835 1611 875 1673 ut
896 1608 983 1698 puto
994 1600 1219 1671 immutatus·

10 1698 12 1703 ’
60 1713 131 1795 est,
169 1711 274 1800 atquc
297 1700 345 1774 ‘ad
372 1700 622 1777 clementorum
651 1704 812 1777 ordinem
834 1712 1037 1795 revocatus,
1071 1701 1206 1779 inserto
1317 1738 1320 1743 ,

61 1805 164 1901 primi
200 1827 342 1902 quoqne
374 1802 568 1906 mydrologi
595 1805 771 1880 indiculo:
813 1831 884 1903 qna
912 1829 991 1877 mea
1021 1801 1207 1879 sedulitate
1316 1816 1319 1829 ·

60 1904 249 2007 legentium
277 1906 512 1985 commoditati
535 1909 619 1982 satis
648 1907 847 1983 consultum
870 1906 991 1981 reor.’'

18 2020 22 2033 ·
130 1997 439 2085 V.'“Vaticanus
461 2011 587 2083 tertius
609 2010 888 2111 mythographus
909 2007 1045 2082 diversa
1066 2032 1088 2080 a
1108 1970 1219 2106 prio·¹
1304 1974 1317 2111 γ,

60 2109 157 2184 ribus
175 2112 312 2185 ratione
331 2113 571 2210 componitur:
596 2112 649 2185 illi
668 2115 761 2186 enim
780 2114 913 2185 minute
932 2109 1206 2211 singillatimque
1257 2194 1259 2201 ¹

60 2212 205 2288 deornm
226 2225 263 2287 et
280 2211 462 2288 bominum
482 2213 621 2288 fabulas
643 2214 824 2312 scribunt3
856 2212 917 2286 hic
934 2214 1206 2312 praecipuorum

59 2314 299 2390 tantummodo
324 2314 469 2391 deorum
499 2341 543 2391 ac
572 2316 804 2392 semideorum
833 2313 1014 2390 fabulosas
1039 2313 1206 2395 historias
1301 2357 1304 2361 ·

59 2421 261 2493 continuato
278 2418 359 2494 stilo
375 2420 579 2517 exequitur3
602 2445 722 2518 neque
734 2416 899 2493 brevibus
917 2415 1202 2511 narratiunculis,

59 2520 121 2594 sed
145 2519 335 2619 peramplis
355 2521 563 2596 tractatibus
586 2533 734 2597 constat.
787 2521 874 2594 dam
895 2521 962 2594 ctsi
982 2519 1042 2597 hic
1064 2517 1206 2617 mytho·
1258 2578 1263 2587 ,

58 2623 215 2722 graphas
250 2625 288 2695 in
321 2632 493 2725 quatuor,
543 2635 583 2699 ut
616 2622 713 2718 dixi,
760 2618 941 2696 vaticanae
972 2619 1218 2703 bibliothecae,

10 2742 12 2775 ⁵
60 2725 244 2801 codicibus
268 2736 429 2823 superest
456 2724 621 2827 (qiornm
645 2724 715 2800 duo
741 2723 786 2800 ad
809 2726 984 2824 Reginam
1008 2722 1206 2798 Succorum

57 2825 330 2928 pertinuerunt),
358 2840 509 2902 attamen
526 2828 680 2903 arietoris
695 2829 835 2903 nomine
857 2826 989 2926 ubique
1015 2835 1130 2900 earet:
1160 2822 1206 2900 dc

57 2956 129 3029 quo
155 2941 343 3028 antequam
369 2956 436 3030 ego
465 2931 622 3030 disputo,
659 2931 775 3031 placet
799 2929 936 3023 dicere,
970 2955 1081 3001 unum
1109 2937 1241 3030 certe-⁶
1298 2927 1322 3029 ‚'

56 3059 101 3106 ex
134 3032 193 3106 his
230 3033 325 3106 tertii
357 3031 605 3133 mythograpbi
640 3031 896 3132 exemplaribus
930 3032 1085 3106 extitisse
1118 3029 1205 3105 olim

56 3136 147 3209 inter
171 3133 284 3210 libros
313 3135 382 3207 viri
410 3133 601 3210 doctissimi
632 3135 748 3209 Issaei
775 3135 918 3230 Vossii,
950 3158 1062 3237 vquem
1092 3131 1205 3234 regali
1290 3154 1313 3185 ι·

57 3235 259 3317 Christiane
283 3235 514 3312 bibliothecae
538 3239 731 3338 praefuisse
755 3238 900 3311 scimus.
1022 3265 1028 3273 ·

172 3341 355 3414 “Etenim
387 3339 573 3415 Cornelius
604 3340 744 3415 Tollius
775 3341 814 3413 in
845 3335 1128 3413 adnotationibus
1157 3331 1205 3410 ad

56 3440 314 3540 Palaephatum
338 3469 376 3541 p.
388 3439 473 3516 242
500 3440 596 3543 (utor
623 3445 821 3517 narratione
848 3439 1004 3514 Fabricii
1023 3437 1113 3513 bibl.
1135 3437 1211 3519 lat„

56 3541 119 3617 lib.
144 3544 209 3639 11,
233 3541 284 3636 .l‚
331 3547 414 3642 quia
452 3545 564 3619 Tollit
597 3545 814 3646 Palaephato
849 3540 974 3646 careo)
1014 3543 1053 3615 in
1088 3540 1205 3615 Isaaci

55 3644 179 3722 Vossii
222 3644 434 3722 bibliotheca
479 3646 590 3722 fuisse
629 3650 678 3722 ait
722 3645 1000 3750 “mythologum
1022 3701 1024 3705 -
1044 3645 1203 3743 priscum

56 3749 293 3842 „ineditum
339 3744 491 3825 Albrico
528 3751 766 3852 Bocoatioque
805 3749 911 3848 longe
948 3747 1199 3844 antiquiorem,
1253 3821 1257 3830 ,

55 3853 157 3951 „qui
178 3876 224 3925 ex
246 3877 289 3925 eo
308 3852 417 3928 multa
435 3853 710 3952 desumpserint3
743 3855 808 3928 etsi
825 3853 1056 3925 recentiorem
1075 3847 1202 3923 Servio

55 3965 129 4047 „et
161 3953 372 4053 Fulgentio,
415 3981 437 4028 a
467 3982 537 4055 quo
565 3959 640 4057 ipse
668 3956 823 4031 vicissim
851 3980 924 4028 non
953 3977 1067 4054 pauca
1095 3948 1202 4023 fuerit

10 4090 24 4161 ε,
56 4056 315 4146 „mutuatus”
367 4059 452 4132 dam
469 4060 506 4130 in
526 4058 594 4133 boc
613 4060 825 4152 testimonio,
853 4082 924 4132 nou
944 4055 989 4129 dc
1007 4052 1203 4150 antiquiora

56 4159 215 4261 lleg'urao
235 4157 356 4232 codic'e
382 4185 574 4235 sermonem
601 4160 698 4254 lieri,
735 4158 798 4234 sed
823 4159 867 4234 de
891 4157 1084 4231 recentiore
1108 4151 1218 4252 ejus-y

57 4258 133 4335 dem
155 4261 339 4367 Reginae,
375 4262 412 4334 in
427 4288 504 4365 ,quo
526 4266 630 4341 eham
651 4261 824 4338 hlbricus
844 4258 1033 4353 scribitur,
1065 4255 1211 4374 ert-alio·
