2684 4606
397 108 580 212 Mythogr.
608 110 660 186 11.
715 107 780 185 16.
806 109 872 186 17.
1156 110 1210 185 79

66 292 285 360 hecatomben
306 290 439 365 dicimus
460 296 590 371 domum
611 295 822 400 multiplicem.
852 295 928 385 Ipsa
947 307 998 365 cst
1018 297 1101 365 enim
1115 296 1210 368 Luna

65 378 99 444 in
119 378 355 460 caelo,'Diana
375 384 407 447 in
429 394 532 462 terra,
558 382 753 471 Proserpina
772 384 804 447 in
826 384 934 447 erebo.
977 383 1079 450 Ceres
1101 397 1207 452 autern

66 465 200 545 Graece
230 467 407 551 gandium
441 467 565 536 dicitur.
609 468 689 535 Ideo
722 468 804 533 enim
826 469 928 549 Ceres
962 465 1024 533 dea
1060 471 1208 538 frumenti
1243 462 1246 477 '

12 542 22 571 ⁸
66 571 140 702 epse
154 548 290 703 pliciter,
311 554 398 641 qnia,
419 555 473 621 ubi
490 553 653 645 plenitudo
674 555 716 623 sit
729 554 900 636 fructuum,
922 553 1078 640 gaudium
1094 576 1206 659 super·

64 657 152 704 aun
177 648 220 702 et.
299 649 304 665 ¹
1211 664 1229 714 a

417 792 507 913 16.Ι
536 797 648 874 Vita
687 782 853 872 deris.

154 930 329 1015 Saturnus,
353 943 532 1084 postquam
561 926 748 1014 Themidis,
779 931 813 999 id
841 944 891 1000 est
917 944 1024 1003 terrae
1051 934 1207 1013 antistitis,

27 1018 248 1087 *secundum
292 1042 351 1088 nos
374 1041 442 1097 arn,
463 1017 573 1084 Protei
596 1018 727 1085 oraculo
748 1019 920 1106 comperit,
941 1043 1015 1087 sea
1031 1021 1093 1086 filio
1112 1044 1207 1109 posse

65 1128 173 1192 regno
195 1043 325 1194 depelli,
350 1104 514 1206 praecepit
535 1105 566 1169 0
589 1106 618 1184 i,
646 1106 736 1171 uxori
764 1127 859 1184 snae,
888 1128 971 1194 quae
990 1118 1024 1173 et
1042 1107 1136 1172 Rhea
1157 1107 1204 1171 vel

64 1189 193 1280 Cybele¹
213 1189 346 1272 dicitnr,
367 1203 405 1258 ut
425 1211 499 1276 quic
522 1191 553 1254 ui
595 1192 787 1280 peperisset,
809 1190 869 1256 sibi
890 1215 962 1257 mox
980 1204 1249 1279 praesentaretis

52 1278 162 1352 'Quae
199 1298 358 1363 racgnans
395 1214 629 1363 eperitlovem.
662 1278 763 1367 Cujus
785 1275 1016 1364 pulchritudine
1037 1277 1205 1357 delectata,

63 1300 224 1452 Nymphis
253 1385 326 1430 eum
389 1361 507 1427 endum
542 1362 575 1427 in
604 1374 712 1428 monte
743 1362 862 1428 Cretae
884 1363 1022 1430 Dictaeo
1045 1369 1231 1428 commem

64 1446 162 1515 davit.
204 1447 282 1536 Ipsa
310 1461 416 1515 autem
445 1447 645 1528 aSatutno,
672 1445 733 1512 abi
752 1458 856 1526 esset,
886 1448 978 1535 quod
1001 1449 1205 1534 peperisset,

63 1533 286 1621 interrogata,
323 1534 458 1622 lapidem
494 1533 523 1599 ei
556 1544 645 1599 veste
674 1531 847 1598 involutum
877 1533 1077 1611 monstravit,
1110 1555 1214 1620 quem,

62 1621 227 1686 Saturnus
248 1621 376 1687 voravit
419 1619 567 1706 Juppiter
588 1631 712 1699 antem,
740 1617 912 1685 nutritusa
932 1617 1105 1708 Nymphis,
1135 1619 1247 1706 qui-15

63 1707 129 1770 bus
159 1717 230 1773 erat
260 1728 280 1772 a
310 1717 411 1772 matre
440 1704 697 1785 commendatus,
735 1716 768 1771 et
796 1703 932 1770 lactatus
966 1717 1016 1771 est
1047 1727 1066 1770 a
1099 1726 1207 1791 capra,

62 1789 234 1859 Amalthea
254 1794 399 1870 nomine,
431 1792 521 1880 cujus
544 1793 638 1859 etiam
659 1790 740 1880 pelle
763 1790 795 1854 in
816 1788 915 1867 bello,
939 1788 1051 1857 contra
1072 1789 1206 1857 Titanas

62 1887 229 1966 pugnato,
257 1877 326 1966 ipsc
348 1889 462 1966 postea
483 1878 599 1944 dicitur
619 1900 695 1943 usus
717 1876 823 1947 luisse.
864 1876 961 1943 Tunc
981 1875 1111 1943 adhibiti
1132 1888 1206 1943 sunt

63 1963 95 2029 oi
126 1964 264 2030 Curetes
293 1975 327 2030 ct
354 1966 574 2055 Corybantes,
606 1963 658 2051 qui
687 1964 829 2050 vagitum
859 1962 949 2050 pueri
976 1962 1090 2028 tinnitu
1121 1963 1204 2028 aeris
1238 2004 1241 2009 -
1318 1993 1338 2025 ·.

64 2048 273 2138 prohiberent
292 2047 402 2116 andin‘.
445 2050 540 2117 Unde
564 2058 597 2116 et
618 2051 820 2138 Corybantes
841 2060 916 2114 sunt
936 2046 1067 2114 ministri
1096 2049 1202 2115 matris
1210 2058 1246 2107 20

63 2136 212 2215 deorum,
233 2135 323 2230 quasi
346 2134 529 2216 daemones,
551 2134 605 2224 qui
619 2146 721 2202 totum
739 2135 851 2201 sciunt.
872 2134 968 2199 Tunc
989 2134 1097 2222 itaque
1118 2157 1205 2220 apes,
1297 2195 1301 2200 .

63 2219 151 2287 aeris
172 2242 285 2287 sonum
305 2234 455 2300 secutae,
475 2223 588 2288 Jovem
609 2220 756 2287 dicuntur
775 2220 867 2285 melle
887 2219 1010 2286 aluisse.
1052 2221 1119 2284 Pro
1141 2243 1205 2307 qrra

63 2328 101 2372 re
124 2306 170 2373 eis
190 2321 304 2395 postea
325 2309 482 2394 praestitit
499 2309 655 2398 luppiter,
677 2318 713 2373 ut
737 2307 892 2372 haberent
911 2304 1028 2371 liberos
1050 2305 1117 2370 sinc
1141 2307 1203 2370 ullo
1328 2378 1332 2388 ι

64 2393 249 2459 concubitu.
268 2390 401 2461 Adultus
413 2394 672 2483 autemJuppiter
685 2404 808 2480 patrem
825 2413 927 2477 regno
942 2390 1071 2479 depulit,
1086 2391 1204 2457 factus·
1282 2404 1285 2409 '
1330 2450 1334 2457 .

64 2502 132 2565 que
154 2488 316 2567 stuprator
330 2482 496 2568 pessimus,
519 2479 657 2560 saecula,
678 2501 761 2566 qnae
778 2478 917 2544 Saturno
939 2488 1094 2562 regnante
1115 2475 1244 2544 dice-25

24 2630 28 2635 ,
63 2566 184 2630 bantur
203 2586 319 2639 aurea,
351 2589 410 2632 sno
432 2570 491 2634 sub
512 2567 553 2632 irn
579 2568 645 2632 erio
667 2564 743 2630 lecit
762 2562 823 2629 dici
841 2575 1005 2647 argentea.
1041 2563 1094 2627 Ob
1113 2562 1202 2652 cujus
1319 2576 1323 2589 '

63 2650 206 2717 incestus
228 2650 369 2731 crimina,
391 2656 535 2736 Astraea,
555 2592 707 2720 hitanum
728 2670 837 2729 soror,
859 2662 991 2738 propter
1010 2647 1203 2735 aequitatem

54 2736 245 2804 dnstitia
266 2758 307 2801 co
334 2739 512 2825 nominata,
546 2736 649 2809 fertur
668 2737 700 2804 in
717 2735 841 2806 caelum
861 2734 1035 2802 recessisse
1057 2757 1130 2802 cum
1149 2758 1202 2802 so-

34 2834 39 2841 ·
65 2844 143 2889 rore
163 2843 224 2890 sua
243 2821 295 2889 Pu
320 2823 413 2893 icitia.

271 2993 351 3070 17.
404 2991 580 3068 Latona
615 2994 808 3098 ejusque
839 3021 981 3074 soror.
1208 3018 1245 3067 ao

34 3130 37 3135 '
150 3125 299 3229 Juppiter
318 3124 495 3200 Latonam,
518 3123 643 3193 'litenis
663 3127 783 3193 scilicet
802 3125 913 3204 filiarn,
943 3124 1067 3193 vitiavit.
1111 3124 1203 3204 Post,

9 3218 19 3305 ²,
65 3233 164 3298 quum
187 3225 281 3279 etiarn
303 3230 445 3293 sororem
472 3208 539 3298 ejus
562 3213 704 3279 Asterion
726 3213 835 3279 vitiare
856 3212 965 3291 vellet,
995 3211 1045 3277 ille
1074 3212 1202 3297 optarit,

9 3308 22 3369 l
57 3310 102 3363 ut
131 3320 150 3361 a
178 3296 238 3365 diis
267 3305 506 3365 converteretur
540 3296 701 3379 inanem,
730 3321 885 3384 versaque
907 3296 1007 3364 estin
1034 3320 1123 3362 avem
1145 3296 1203 3382 dp-

9 3372 27 3435 ²·
67 3407 170 3469 coya.
196 3407 292 3473 quom
320 3407 378 3450 nos
401 3378 595 3449 coturnicem
616 3408 776 3451 vocamus.
818 3385 864 3450 Et
883 3405 981 3472 quum
1002 3382 1093 3450 vellet
1114 3405 1202 3448 unare

67 3468 289 3553 transfretare,
320 3465 407 3560 quod
428 3479 477 3533 est
499 3473 714 3551 coturnicum,
747 3470 857 3536 afflata
878 3493 898 3537 a
918 3470 998 3535 Jove
1019 3479 1051 3535 et
1072 3469 1102 3533 in
1123 3467 1243 3555 lapi-³5

70 3551 140 3618 dem
164 3577 335 3631 conversa,
364 3554 419 3620 diu
444 3553 503 3618 sub
525 3554 673 3623 fluctibus
695 3556 794 3623 latuit
837 3557 973 3629 Postea,
1005 3554 1202 3642 supplicante

71 3636 138 3704 Jovi
157 3638 300 3718 Latona,
326 3640 429 3707 levata
450 3651 518 3718 est,
549 3652 582 3707 et
604 3643 761 3730 Ortygia
785 3640 889 3723 dicta,
919 3640 1091 3728 superferri
1112 3641 1202 3726 aquis

72 3726 182 3812 coepit.
241 3729 337 3795 Haec
377 3726 479 3815 primo
516 3724 667 3815 Neptuno
704 3740 737 3796 et
763 3728 877 3793 Doridi
910 3728 969 3795 suit
1007 3739 1202 3792 consecrata.

73 3806 185 3883 Postea
213 3835 309 3902 quum
330 3814 415 3880 Juno
463 3811 601 3879 ravidam
623 3838 642 3880 a
663 3815 744 3880 Jove
765 3815 940 3895 Latonam,
969 3812 1107 3878 immisso
1136 3813 1201 3901 Py-

75 3892 181 3973 thone,
213 3923 308 3987 quem
336 3912 411 3988 post
437 3834 558 3965 iactum
580 3901 803 3990 cataclysmum
824 3900 930 3988 specie
950 3898 1061 3985 ignota
1084 3909 1244 3964 morta-40

45 4040 50 4053 ,
76 3974 147 4048 libus
177 3984 283 4052 'l'erra
315 3985 432 4064 edidit,
462 3998 726 4073 persequeretur,
757 3984 904 4073 nullaque
937 4007 1022 4050 eam·
1043 3996 1201 4051 errantem

78 4068 159 4221 appo
186 4073 360 4160 reciperet,
392 4070 561 4136 rrovissime
590 4073 730 4140 venitin
762 4072 904 4161 Lyciam.
955 4071 1001 4138 Et
1032 4093 1129 4158 quum
1161 4093 1201 4135 ex

140 4179 174 4222 re
194 4160 313 4227 aestivo
333 4155 417 4228 sitim
438 4156 552 4225 sedare
573 4157 683 4241 vellet,
712 4160 753 4226 ab
775 4158 841 4243 his,
868 4156 921 4246 qui
949 4157 1077 4244 juncum
1104 4177 1199 4223 secus
