2684 4606
377 164 561 283 usum.
588 169 641 246 11.
683 132 876 283 suasus.
945 150 985 240 Ἄ
1147 171 1204 251 aa

60 366 96 427 et
114 352 350 444 Proserpinae,
366 398 369 403 -
385 354 440 444 qui
461 353 582 423 animas
603 367 733 438 evocat3
764 367 912 446 quamam
932 356 1076 428 loriset
1097 357 1204 449 Cylle-
1335 416 1341 439 ,

59 442 392 546 nes1,aqnoArgns
416 441 542 509 occisus
566 453 623 510 est
667 443 735 509 Sed
754 443 785 509 in
808 442 942 512 deornm
962 444 1102 525 ratione,
1130 429 1330 534 quiaK”=

59 529 177 597 veritos
251 538 401 603 noratur,
442 526 569 593 fabulae
599 527 784 616 sequendae
810 530 895 598 suut.
957 529 1103 619 luppiter
1130 554 1204 599 oum

59 613 216 704 Maia-,A
243 613 324 678 antis
349 611 495 679 Arcadici
516 613 589 693 filia,
610 614 907 702 concubuit;‚npde
931 627 1023 682 natus
1046 627 1096 682 est
1115 616 1202 681 Mer-

61 701 170 766 curius
189 696 403 787 in,Cyllene,
432 698 589 787 Arcadiae
621 713 746 774 monte,
779 702 832 789 qui
860 702 984 768 litteras
1009 703 1244 782 monstrosius

59 808 190 852 menses
209 783 361 863 instituit,
399 781 506 849 sidera
537 796 687 872 expertus
712 796 777 866 est,
813 787 912 876 lyram
944 787 1076 864 inuenit,
1108 811 1204 870 quam

60 872 161 938 etiarn
181 880 304 959 septem
326 868 456 935 chordis
478 880 611 959 propter
625 892 798 938 nnmerum
819 871 1010 938 Atlantidum
1035 873 1093 958 (eo
1114 872 1204 958 quod

61 968 169 1024 mater
189 956 257 1047 ejus
277 977 342 1019 nna
364 976 473 1020 earum
496 953 600 1040 esset)
628 956 782 1024 instruxit.
832 958 992 1024 Praeesse
1018 969 1124 1023 antem
1148 982 1234 1043 ne-17
1273 1011 1278 1017 .

60 1042 192 1130 gotiis,
217 1053 250 1108 et
286 1041 362 1108 l'urti
382 1041 627 1128 rapinarumque
648 1042 727 1110 deus
750 1064 821 1108 esse
842 1042 973 1125 dicitur3
1002 1043 1124 1129 virgam
1157 1045 1204 1109 se-

61 1151 161 1209 reus,
191 1126 335 1215 pennatis
358 1125 508 1194 talaribus
530 1126 699 1211 calciatus,
736 1128 850 1196 canino
882 1130 1008 1220 capite,
1034 1131 1135 1196 flavus
1155 1140 1245 1197 'etto

59 1222 213 1304 perustus
234 1211 387 1301 pingitur.
451 1282 470 1308 Ι,
782 1234 787 1243 ·
1054 1236 1056 1241 ·
1197 1244 1201 1251 1

231 1381 324 1467 42.»
362 1380 493 1460 Unde
532 1394 723 1460 uocetur
757 1384 1031 1462 lllerourins.
1114 1357 1118 1375 Ι

149 1508 333 1578 Mercurius
365 1510 465 1599 igitur
493 1509 584 1598 qnasi
608 1506 778 1583 mercium
804 1512 952 1593 ¹curius,
989 1513 1037 1584 vel
1067 1502 1210 1580 medina
1314 1580 1319 1589 ,

58 1615 209 1664 currens
232 1594 362 1685 dicitnr,
383 1597 458 1685 quia
480 1617 584 1663 sermo
604 1594 687 1662 inter
706 1595 836 1665 medios
857 1611 921 1680 est;
943 1598 1001 1679 rel,
1031 1600 1105 1689 qnia
1122 1623 1203 1666 nun-

57 1683 127 1751 tius
161 1679 297 1747 deorum
329 1694 378 1750 est
405 1682 601 1760 Mercurius,
642 1680 733 1768 quasi
771 1680 906 1746 medius
936 1684 1019 1752 inter
1052 1685 1130 1752 deos
1167 1699 1200 1755 et
1208 1684 1244 1748 1³⁶

59 1766 210 1835 homines
232 1788 377 1832 currens
405 1766 529 1835 dicitur.
583 1766 735 1855 Pingitur
760 1777 865 1832 antem
887 1768 967 1836 deus
982 1794 1054 1838 esse
1077 1772 1201 1860 rapina·
1247 1774 1250 1781 '
1305 1842 1317 1872 κ

61 1876 137 1927 rum
168 1862 202 1919 et
235 1852 329 1933 furti,
361 1854 435 2005 «gria
465 1852 682 1943 negotiatores
711 1851 823 1938 rapina
851 1863 883 1923 et
914 1856 1053 1946 perjurio
1075 1880 1203 1947 semper

60 1949 141 2007 sunt
163 1938 327 2005 succincti.
401 1940 507 2026 irgam
538 1951 642 2019 tenet,
682 1959 754 2002 cum
785 1961 849 2025 qua
876 1956 1057 2030 serpentes,
1093 1943 1126 2008 id
1155 1955 1204 2011 est

61 2046 206 2105 venena,
237 2022 353 2090 dicitnr
377 2021 535 2104 divisisse,
567 2025 641 2115 quia
660 2023 812 2090 bellantes
835 2047 874 2090 ac
894 2025 1083 2096 dissidentes
1105 2032 1202 2095 inter·
1299 2023 1301 2027 ’

63 2123 192 2199 pretnrn
215 2108 369 2177 sedantur
390 2110 542 2177 oratione.
584 2110 736 2177 Pennatis
756 2120 860 2176 autem
878 2111 1026 2181 talaribus
1051 2114 1245 2182 calciatuseo

64 2219 141 2261 esse
172 2194 307 2276 dicitur,
341 2197 415 2282 quia
445 2196 536 2262 citius
569 2195 635 2262 aliis
694 2194 805 2263 lanetis
834 2196 865 2261 in
895 2211 999 2265 ortum
1027 2202 1203 2268 revertitur.

62 2279 164 2348 Unde
196 2281 294 2348 etiam
328 2281 419 2359 relos
448 2293 481 2349 et
509 2302 618 2348 errans
681 2281 781 2347 icitur.
837 2279 953 2350 Flavus
992 2296 1024 2351 et
1054 2301 1202 2373 perustus
1262 2282 1267 2299 ³

64 2380 175 2434 autem
195 2365 271 2433 ideo
293 2366 410 2455 ubique
425 2366 647 2444 introducitur,
670 2366 744 2452 qnia
766 2365 885 2434 vicinus
907 2381 978 2436 esse
998 2371 1055 2437 soli
1075 2386 1223 2458 praeter.

65 2463 193 2520 ceteras
234 2451 340 2520 stellas
375 2452 558 2519 dinoscitur.
622 2452 746 2518 Canino
784 2465 890 2521 autem
923 2456 1028 2542 capite
1062 2458 1203 2544 pingitur

65 2537 174 2626 (undo
194 2549 229 2606 et
249 2539 368 2605 Anubis
404 2537 558 2624 dicitur),
584 2537 658 2625 quia
690 2536 763 2603 nihil
786 2560 865 2603 cane
884 2543 1033 2627 sagacius
1062 2565 1133 2609 esse
1154 2542 1244 2607 tlt-aa
1328 2580 1336 2593 .

66 2623 220 2699 noscitur,
261 2622 370 2712 Lyrae
392 2640 500 2692 autom
521 2625 562 2693 ab
577 2647 626 2690 ,eo
653 2624 856 2692 inventae'et
874 2648 933 2713 per
954 2650 1025 2697 eam
1046 2628 1087 2696 ab
1107 2627 1202 2718 Apol.

10 2730 36 2799 ;-
64 2709 130 2779 line
150 2711 262 2799 virgae
283 2713 369 2779 dono
389 2720 560 2801 acceptae,
590 2711 672 2780 haec
694 2719 744 2778 est
765 2709 881 2779 fabula.

405 2882 417 2919 ³
476 2881 546 2959 rs.
608 2844 793 2989 ny...
866 2852 869 2862 “
1106 2834 1109 2839 ’
1176 2859 1316 2973 ,ss

154 3012 264 3089 Quum
285 3007 474 3100 regrediens
495 3011 587 3078 Nilus
615 3011 647 3077 in
670 3035 761 3079 suosf
778 3019 901 3080 meatus
930 3012 1017 3085 varia
1046 3012 1078 3079 in
1107 3012 1202 3081 terris

66 3099 252 3186 reliquisset
270 3097 433 3179 animalia,
463 3096 574 3165 relicta
596 3109 645 3164 est
666 3100 763 3166 etiam
792 3097 929 3167 testudo.
981 3099 1074 3174 Quae
1102 3116 1245 3187 quumeo

67 3186 169 3275 putris
195 3184 282 3253 facta
301 3194 404 3265 esset,
439 3193 474 3250 et
501 3183 587 3249 nervi
622 3183 689 3274 ejus
722 3185 946 3254 remansissent
969 3184 1086 3253 extenti
1120 3186 1202 3252 intra
1295 3254 1296 3257 ,

69 3273 211 3353 corium,
247 3288 402 3360 percussa
436 3279 525 3341 esta
545 3269 715 3335 Mercurio.
769 3271 889 3337 Postea
927 3292 1024 3360 quum
1058 3267 1202 3361 pascenti

70 3355 195 3423 Admeti
222 3358 312 3445 regis
341 3357 500 3422 armenta
516 3354 648 3442 Apollini
679 3358 777 3423 bores
815 3357 875 3422 abe
900 3356 993 3431 sset,
1027 3370 1059 3425 et
1088 3355 1202 3446 depre-
1270 3398 1273 3405 ·

33 3504 36 3509 .
70 3442 187 3509 hensns
208 3445 250 3509 ab
272 3466 312 3508 eo
332 3453 433 3520 esset,
456 3444 599 3528 poscenti
621 3442 769 3529 Apollini,
799 3452 840 3506 ut
886 3442 975 3510 icere
995 3441 1132 3522 liceret,
1166 3464 1204 3506 se
1232 3521 1234 3525 ι
1307 3492 1311 3499 .

70 3527 241 3593 invenisse
263 3528 389 3612 lyram,
411 3526 577 3608 concessit,
603 3537 636 3594 et
657 3530 698 3605 ab
720 3552 759 3593 eo
776 3526 898 3616 virgam
921 3525 1098 3616 quandam,
1119 3547 1244 3614 quaeso

73 3612 249 3679 caduceum
273 3612 403 3692 dicitur,
435 3614 569 3701 accepit
622 3613 727 3687 Quam
759 3636 855 3680 manu
878 3625 989 3680 tenens
1011 3613 1201 3693 Mercurius,

74 3721 167 3786 quum
191 3699 448 3787 proficisceretur
471 3686 504 3764 in
522 3697 707 3781 Arcadiam,
739 3711 777 3766 et·
792 3698 923 3767 vidisset
944 3698 1024 3763 duos
1046 3698 1204 3765 dracones

73 3784 246 3872 implicitos
265 3785 347 3852 inter
376 3807 413 3850 se
442 3783 613 3865 dimicare,
650 3787 771 3874 virgam
799 3786 881 3852 inter
910 3784 1031 3851 medios
1062 3785 1205 3873 projecit.

10 3896 13 3909 ·
74 3867 118 3936 llll
137 3873 210 3937 inox
230 3870 422 3959 segregati,
447 3868 670 3938 discesserunt.
721 3872 795 3945 Quo
818 3871 922 3948 sacto,
956 3893 1025 3945 eam
1049 3871 1203 3958 virgulam
1302 3920 1307 3935 .

39 3990 44 4019 ·.
98 3956 160 4024 acis
181 3979 281 4025 causa
309 3956 461 4045 cognorit
487 3978 560 4022 esse
590 3956 773 4024 institutam.
822 3957 944 4043 Virgae
972 3968 1078 4022 autem
1112 3957 1246 4046 hujus40

100 4063 155 4108 aec
176 4056 227 4109 est
247 4040 339 4109 ratio.
382 4042 562 4109 Mercurius
583 4053 614 4109 et
637 4042 787 4110 orationis
811 4040 889 4108 dens
911 4064 985 4106 esse
1006 4041 1138 4122 dicitur,
1172 4055 1205 4107 et

10 4144 26 4197 t
64 4123 230 4216 interpres
252 4127 395 4197 deorum.
448 4126 545 4195 Unde
565 4127 655 4214 virga
684 4137 849 4217 serpentes
871 4124 995 4207 dividit,
1026 4124 1060 4193 id
1082 4139 1131 4194 est
1151 4126 1218 4191 ve-'

10 4218 28 4282 i
81 4229 175 4298 neuo3
207 4236 281 4285 uam
308 4214 460 4289 bellantes
488 4214 696 4305 interpretum
725 4213 874 4308 oratione
896 4209 1057 4282 sedantur.
1108 4211 1204 4279 Unde
1273 4259 1277 4267 -

47 4392 60 4574 l
