2684 4606
258 170 261 175 ·
356 122 919 257 munsiaco-noa.
1091 144 1213 239 'cs

62 335 183 492 genuit
201 336 355 405 Miletum.
396 338 526 409 Miletus
547 337 591 407 de
611 339 765 432 Cyanee,
791 341 856 411 filia
882 344 1067 430 Maeandri,
1097 352 1213 453 genuit

98 447 219 491 aunum
240 433 275 491 et
294 423 463 493 Biblidem.
506 425 728 509 Erechtheus,
753 451 813 495 rex
834 430 1040 514 Athenarum,
1062 458 1117 523 qur
1137 460 1211 505 suc-
1244 482 1246 491 =

64 510 165 578 cessit
182 508 359 591 Pandioui,
381 513 464 600 patri
484 510 682 580 Philomelae
710 525 744 581 et
763 514 926 599 Procnes,
964 520 1070 587 moris
1098 523 1209 607 Terei,

62 595 177 668 matris
205 596 313 687 Ityos,
339 598 453 685 genuit
480 598 622 665 Procrin
650 597 684 667 'et
706 600 800 668 Orith
821 601 893 668 iam.
936 603 1073 671 Procrin
1098 607 1209 677 habuit

63 680 248 770 Cephalus,
271 680 327 771 qui
348 684 408 750 lirit
428 683 471 749 de
491 684 589 773 stirpe
610 684 715 753 Aeoli.
751 685 930 780 Orithyiam
952 691 1057 780 rapuit
1073 693 1233 777 Boreas‚5

62 779 99 836 et
119 767 235 855 genuit
256 790 296 836 ex
317 791 358 853 ea
379 770 485 839 Zeten
506 781 540 838 et
561 770 683 855 Calain.

434 937 532 1016 205.
585 940 841 1043 Phlegyae.

10 1108 13 1123 ·
147 1070 211 1139 Phl
278 1094 317 1140 ae
337 1066 516 1137 secundum
534 1068 774 1221 Euphorionem
795 1071 905 1161 populi
923 1073 1057 1141 insulani
1079 1073 1207 1144 luemnt

61 1157 142 1227 satia
166 1159 201 1225 in
249 1181 306 1224 eos
332 1155 420 1243 impii
444 1165 478 1222 et
499 1157 582 1223 sacri
594 1157 658 1244 egi.
701 1157 798 1223 Unde
820 1159 920 1224 iratus
942 1161 1112 1249 Neptunus
1133 1185 1206 1250 per-

61 1243 166 1312 cussit
183 1243 312 1313 tridenti
334 1263 405 1308 eam
426 1253 550 1328 partem
571 1242 713 1323 insulae,
739 1266 835 1330 quam
858 1245 1027 1338 Phlegyae
1044 1249 1250 1327 tenebant,1o

60 1341 96 1398 at
118 1352 177 1396 eos
200 1331 314 1397 obruit.
357 1326 521 1415 Phlegyas
551 1343 676 1408 autem,
703 1328 822 1397 Ixionis
843 1343 955 1417 pater,
985 1334 1095 1401 habuit
1113 1334 1208 1400 liliam

43 1415 281 1496 *Coronidem
300 1435 396 1502 quarn
417 1411 528 1500 Apollo
551 1413 685 1495 vitiarit3
707 1414 794 1481 uude
816 1419 957 1506 suscepit
976 1418 1208 1507 Aesculapium.

60 1500 163 1577 Quod
189 1513 281 1590 pater
307 1498 437 1580 dolens,
466 1498 607 1567 incendit
634 1499 784 1587 templum
812 1503 979 1590 Apollinis,
1012 1516 1045 1570 et
1067 1504 1134 1593 ejus
1157 1530 1208 1571 sa-

10 1612 12 1669 5
59 1588 152 1674 gittis
174 1599 225 1656 est
244 1585 287 1654 ad
307 1585 426 1653 iuleros
447 1588 563 1650 trusus.
605 1583 704 1651 Unde
724 1586 863 1653 Statius:
895 1589 1095 1674 Plrlegyam
1123 1589 1207 1655 snb·
1255 1594 1257 1603 '

57 1685 115 1739 ter
135 1696 224 1738 cavo
245 1694 335 1737 saxu
347 1670 529 1758 jacentem
549 1680 692 1735 aeterno
710 1672 843 1759 premit
863 1671 1037 1741 aceubitu.
1079 1675 1206 1742 Discite
1214 1706 1249 1753 1⁵

53 1757 213 1848 justitiam
233 1757 283 1827 vel
303 1777 390 1825 nunc
409 1755 442 1821 iu
464 1754 577 1843 poenis
597 1754 705 1824 locati.

233 1852 240 1885 l

405 1920 504 1997 206.
556 1923 857 2000 Partheniae.

144 2051 312 2132 Lacones,
340 2048 395 2118 diu
418 2051 500 2118 bello
523 2051 622 2119 attriti
650 2053 692 2118 ab
717 2051 983 2134 Atheniensibus,
1011 2064 1045 2122 et
1066 2054 1206 2159 inopiam

53 2151 240 2207 metuentes
274 2139 430 2216 virorum,
469 2148 722 2226 praeceperunt,
754 2152 790 2204 ut
816 2138 957 2226 virgines
980 2155 1052 2205 cum
1074 2145 1204 2230 qmbus-

54 2234 198 2313 c'umque
225 2226 485 2291 concumberent.
527 2224 602 2298 Quo
632 2221 736 2302 lacto,
769 2222 846 2289 dum
875 2235 949 2312 post
970 2225 1133 2293 victoriam
1155 2229 1248 2317 ju-20

53 2334 174 2392 venes,
204 2310 388 2400 parentibus
416 2311 482 2376 nati
508 2308 655 2391 incertis,
684 2309 913 2376 erubescerent
936 2311 1093 2398 originem
1114 2337 1205 2380 suam

54 2388 151 2484 (ulam
174 2408 207 2465 et
230 2394 446 2460 Partheniae
466 2394 744 2484 appellabantur),
769 2393 855 2459 duce
875 2396 1068 2477 Phalantho,
1090 2413 1204 2465 octavo

56 2484 102 2547 ab
132 2481 294 2559 Hercule,
326 2480 460 2565 navigiis
485 2493 641 2547 venerunt
662 2481 704 2547 ad
725 2480 877 2583 oppidum
900 2483 1086 2561 Calabriae,
1116 2485 1205 2572 quod

27 2567 188 2649 ·'l'aras,
208 2566 352 2655 Neptuni
367 2566 471 2661 lilius,
493 2565 692 2647 condiderat,
714 2577 748 2633 et
765 2565 800 2632 rd
822 2578 952 2633 auctum
973 2567 1204 2638 habitaverunt.
1233 2600 1236 2607 ·

30 2797 39 2815 ,
158 2741 258 2817 eor.
310 2728 557 2840 suppares,
593 2739 762 2817 ruens
798 2755 841 2818 er
871 2697 1126 2817 nonnus(
1206 2771 1244 2823 a

143 2872 254 2949 Quum
279 2871 426 2961 luppiter
456 2868 630 2938 'l’hetiddm
657 2869 778 2938 ducere
799 2871 909 2950 vellet,
942 2869 1008 2937 lata
1028 2870 1201 2957 prohibue-

53 2968 151 3040 runt,
175 2980 215 3024 eo
237 2957 325 3047 quod
345 2958 470 3047 proles,
490 2979 574 3045 quae
588 2970 791 3036 nasceretur,
813 2959 925 3024 Jovem
941 2955 1072 3044 pelleret
1085 2978 1201 3044 regno,

54 3048 141 3113 sicut
169 3045 239 3133 ipse
269 3045 444 3110 Saturnum
474 3041 648 3129 expulerat.
708 3043 822 3110 Thetis
855 3044 917 3108 dea
948 3041 1048 3107 Peleo
1077 3045 1201 3111 mortali
1248 3068 1251 3073 ·

55 3132 178 3199 homini
194 3129 309 3218 nupsit,
331 3152 370 3196 ex
385 3152 448 3219 quo
463 3128 578 3216 genuit
591 3126 764 3213 Achillem
783 3129 825 3196 de
846 3129 936 3219 enjus
958 3142 1061 3194 morte
1075 3130 1199 3209 timens,
1308 3122 1314 3137 ⁸

55 3241 78 3285 a
95 3217 251 3306 Neptuno
273 3216 392 3283 frustra
414 3213 606 3283 consolatur.
702 3252 705 3259 ·
1204 3235 1241 3283 eu

197 3379 294 3457 208.
348 3384 550 3483 Nuptiae
580 3380 710 3455 Pelei
748 3388 791 3484 et
825 3373 1054 3452 Thetidis.
1187 3443 1191 3452 .

141 3508 280 3583 Peleus,
308 3511 407 3579 Aeaci
435 3508 484 3576 vel
512 3508 589 3574 Acei
617 3508 716 3588 filius,
751 3528 848 3594 quum
878 3504 1070 3587 Thetidem,
1098 3504 1197 3573 Nerei

53 3609 89 3668 et
106 3594 241 3665 Doridis
262 3593 432 3687 Nymphae
454 3592 580 3677 liliam,
602 3593 635 3658 in
662 3591 894 3660 matrimonium
917 3590 1056 3681 accepit,
1087 3616 1197 3660 omnes

53 3684 137 3753 deos
167 3683 210 3749 ad
239 3684 366 3772 nuptias
397 3680 554 3759 inritavit,
587 3692 715 3769 praeter
746 3677 957 3744 Discordiam.
1000 3679 1094 3752 Quae
1114 3681 1196 3749 irata

52 3771 174 3839 malum
197 3791 330 3837 aureum
351 3769 384 3835 in
407 3767 580 3835 convivium
597 3766 693 3857 jecit,
712 3764 917 3851 inscriptum:
937 3763 1193 3850 pulcherrimae
1200 3799 1236 3848 35

52 3858 142 3921 deae
163 3855 306 3921 donum.
347 3857 421 3930 Quo
444 3853 593 3925 collecto,
621 3854 704 3919 inter
732 3852 889 3916 Juuouem
913 3862 946 3916 et
966 3850 1139 3916 Minervam
1161 3863 1194 3917 et

52 3942 216 4009 Venerem
239 3952 401 4008 certamen
427 3955 476 4007 est
497 3950 618 4017 ortum,
643 3958 726 4025 quae
744 3937 856 4002 Jovem
869 3934 1010 4024 judicem
1026 3936 1193 4024 petierunt.

25 4088 29 4097 .
51 4028 130 4107 Ille,
151 4049 194 4092 ne
214 4049 346 4094 uxorem
367 4040 423 4094 aut
444 4027 524 4095 filias
545 4024 733 4102 offenderet,
757 4022 799 4088 ad
814 4020 964 4087 Paridem
980 4023 1045 4088 sive
1058 4021 1193 4087 Alexan·

52 4112 167 4192 drum,
201 4113 298 4179 lilium
331 4114 449 4180 Priami
480 4128 513 4178 et
534 4112 692 4177 Hecubae
719 4107 801 4196 (qui
831 4129 1002 4194 numquam
1026 4107 1193 4174 dicebatur

51 4222 226 4291 personam
255 4202 422 4289 accepisse
452 4198 485 4266 in
520 4195 664 4287 judicio)
704 4195 737 4262 in
769 4192 846 4270 Ida,
877 4206 985 4260 monte
1017 4193 1237 4283 Phrygiaeso

209 4310 211 4315 '
760 4307 783 4373 5
