<?xml version="1.0" encoding="UTF-8"?>
<!DOCTYPE html PUBLIC "-//W3C//DTD XHTML 1.0 Transitional//EN"
    "http://www.w3.org/TR/xhtml1/DTD/xhtml1-transitional.dtd">
<html xmlns="http://www.w3.org/1999/xhtml" xml:lang="en" lang="en">
 <head>
  <title>
</title>
<meta http-equiv="Content-Type" content="text/html;charset=utf-8" />
  <meta name='ocr-system' content='tesseract 3.04.00' />
  <meta name='ocr-capabilities' content='ocr_page ocr_carea ocr_par ocr_line ocrx_word'/>
</head>
<body>
  <div class='ocr_page' id='page_1' title='image "./scriptoresrereu00bodegoog_0205.png"; bbox 0 0 2684 4606; ppageno 0'>
   <div class='ocr_carea' id='block_1_1' title="bbox 1322 30 1333 131">
    <p class='ocr_par' dir='ltr' id='par_1_1' title="bbox 1322 30 1333 213">
     <span class='ocr_line' id='line_1_1' title="bbox 1322 30 1333 131; baseline 0 0"><span class='ocrx_word' id='word_1_1' title='bbox 1322 30 1333 131; x_wconf 92' lang='lat' dir='ltr'><strong>l</strong></span> 
     </span>
    </p>
   </div>
   <div class='ocr_carea' id='block_1_2' title="bbox 113 117 1014 292">
    <p class='ocr_par' dir='ltr' id='par_1_2' title="bbox 113 117 1014 292">
     <span class='ocr_line' id='line_1_2' title="bbox 113 117 1014 292; baseline -0.007 -38"><span class='ocrx_word' id='word_1_2' title='bbox 113 117 213 254; x_wconf 62' lang='lat' dir='ltr'><strong>¹iiii</strong></span> <span class='ocrx_word' id='word_1_3' title='bbox 312 275 350 292; x_wconf 28' lang='grc' dir='ltr'><strong>Ι,</strong></span> <span class='ocrx_word' id='word_1_4' title='bbox 432 174 617 281; x_wconf 71' lang='lat' dir='ltr'><strong>Myibogr.</strong></span> <span class='ocrx_word' id='word_1_5' title='bbox 645 176 718 252; x_wconf 91' lang='lat' dir='ltr'><strong>ui.</strong></span> <span class='ocrx_word' id='word_1_6' title='bbox 773 173 815 250; x_wconf 90' lang='lat' dir='ltr'><strong>e.</strong></span> <span class='ocrx_word' id='word_1_7' title='bbox 868 171 1014 249; x_wconf 75' lang='lat' dir='ltr'><strong>e-a,</strong></span> 
     </span>
    </p>
   </div>
   <div class='ocr_carea' id='block_1_3' title="bbox 44 353 1333 4227">
    <p class='ocr_par' dir='ltr' id='par_1_3' title="bbox 136 353 1289 538">
     <span class='ocr_line' id='line_1_3' title="bbox 136 353 1289 442; baseline -0.007 -11"><span class='ocrx_word' id='word_1_8' title='bbox 136 361 251 431; x_wconf 89' lang='lat' dir='ltr'><strong>oblivio</strong></span> <span class='ocrx_word' id='word_1_9' title='bbox 271 358 378 428; x_wconf 88' lang='lat' dir='ltr'><strong>senilis</strong></span> <span class='ocrx_word' id='word_1_10' title='bbox 398 371 459 442; x_wconf 84' lang='lat' dir='ltr'><strong>est,</strong></span> <span class='ocrx_word' id='word_1_11' title='bbox 479 360 574 429; x_wconf 89' lang='lat' dir='ltr'><strong>morti</strong></span> <span class='ocrx_word' id='word_1_12' title='bbox 594 383 663 428; x_wconf 89' lang='lat' dir='ltr'><strong>sem</strong></span> <span class='ocrx_word' id='word_1_13' title='bbox 687 380 723 426; x_wconf 88' lang='lat' dir='ltr'><strong>er</strong></span> <span class='ocrx_word' id='word_1_14' title='bbox 744 358 856 429; x_wconf 84' lang='lat' dir='ltr'><strong>vicina.</strong></span> <span class='ocrx_word' id='word_1_15' title='bbox 902 353 1001 433; x_wconf 79' lang='lat' dir='ltr'><strong>Quod</strong></span> <span class='ocrx_word' id='word_1_16' title='bbox 1017 369 1126 427; x_wconf 88' lang='lat' dir='ltr'><strong>eutem</strong></span> <span class='ocrx_word' id='word_1_17' title='bbox 1140 356 1289 428; x_wconf 86' lang='lat' dir='ltr'><strong>Lethaeo</strong></span> 
     </span>
     <span class='ocr_line' id='line_1_4' title="bbox 138 443 1288 538; baseline -0.003 -22"><span class='ocrx_word' id='word_1_18' title='bbox 138 459 270 538; x_wconf 85' lang='lat' dir='ltr'><strong>gustato</strong></span> <span class='ocrx_word' id='word_1_19' title='bbox 292 448 458 534; x_wconf 84' lang='lat' dir='ltr'><strong>finguntur</strong></span> <span class='ocrx_word' id='word_1_20' title='bbox 479 446 644 513; x_wconf 89' lang='lat' dir='ltr'><strong>animaea</strong></span> <span class='ocrx_word' id='word_1_21' title='bbox 688 469 826 533; x_wconf 89' lang='lat' dir='ltr'><strong>corpora</strong></span> <span class='ocrx_word' id='word_1_22' title='bbox 858 443 936 511; x_wconf 90' lang='lat' dir='ltr'><strong>velle</strong></span> <span class='ocrx_word' id='word_1_23' title='bbox 968 446 1102 522; x_wconf 90' lang='lat' dir='ltr'><strong>reverti,</strong></span> <span class='ocrx_word' id='word_1_24' title='bbox 1144 444 1188 510; x_wconf 90' lang='lat' dir='ltr'><strong>ad</strong></span> <span class='ocrx_word' id='word_1_25' title='bbox 1221 443 1288 512; x_wconf 85' lang='lat' dir='ltr'><strong>alti-</strong></span> 
     </span>
    </p>

    <p class='ocr_par' dir='ltr' id='par_1_4' title="bbox 50 528 1286 706">
     <span class='ocr_line' id='line_1_5' title="bbox 50 528 1286 623; baseline -0.002 -22"><span class='ocrx_word' id='word_1_26' title='bbox 50 570 62 600; x_wconf 66' lang='grc' dir='ltr'><em>ι</em></span> <span class='ocrx_word' id='word_1_27' title='bbox 139 558 229 601; x_wconf 89' lang='lat' dir='ltr'><strong>orem</strong></span> <span class='ocrx_word' id='word_1_28' title='bbox 251 544 379 622; x_wconf 89' lang='lat' dir='ltr'><strong>spectat</strong></span> <span class='ocrx_word' id='word_1_29' title='bbox 398 533 657 623; x_wconf 88' lang='lat' dir='ltr'><strong>pbilosophorum</strong></span> <span class='ocrx_word' id='word_1_30' title='bbox 677 532 891 600; x_wconf 81' lang='lat' dir='ltr'><strong>traditionem.</strong></span> <span class='ocrx_word' id='word_1_31' title='bbox 934 532 1039 607; x_wconf 83' lang='lat' dir='ltr'><strong>Quam</strong></span> <span class='ocrx_word' id='word_1_32' title='bbox 1056 532 1132 619; x_wconf 92' lang='lat' dir='ltr'><strong>quia</strong></span> <span class='ocrx_word' id='word_1_33' title='bbox 1150 528 1286 598; x_wconf 83' lang='lat' dir='ltr'><strong>rudibus</strong></span> 
     </span>
     <span class='ocr_line' id='line_1_6' title="bbox 138 617 1123 706; baseline -0.007 -17"><span class='ocrx_word' id='word_1_34' title='bbox 138 619 272 689; x_wconf 88' lang='lat' dir='ltr'><strong>arduam</strong></span> <span class='ocrx_word' id='word_1_35' title='bbox 294 621 383 695; x_wconf 88' lang='lat' dir='ltr'><strong>novi,</strong></span> <span class='ocrx_word' id='word_1_36' title='bbox 413 620 487 685; x_wconf 94' lang='lat' dir='ltr'><strong>buic</strong></span> <span class='ocrx_word' id='word_1_37' title='bbox 510 621 657 686; x_wconf 89' lang='lat' dir='ltr'><strong>tractatui</strong></span> <span class='ocrx_word' id='word_1_38' title='bbox 679 621 782 687; x_wconf 91' lang='lat' dir='ltr'><strong>minus</strong></span> <span class='ocrx_word' id='word_1_39' title='bbox 803 618 952 684; x_wconf 82' lang='lat' dir='ltr'>idoneam</span> <span class='ocrx_word' id='word_1_40' title='bbox 969 617 1123 706; x_wconf 88' lang='lat' dir='ltr'><strong>judicavi.</strong></span> 
     </span>
    </p>

    <p class='ocr_par' dir='ltr' id='par_1_5' title="bbox 114 701 1333 1023">
     <span class='ocr_line' id='line_1_7' title="bbox 114 701 1287 788; baseline -0.006 -15"><span class='ocrx_word' id='word_1_41' title='bbox 114 729 134 781; x_wconf 74' lang='lat' dir='ltr'><strong>a</strong></span> <span class='ocrx_word' id='word_1_42' title='bbox 224 708 255 773; x_wconf 86' lang='grc'><strong>8.</strong></span> <span class='ocrx_word' id='word_1_43' title='bbox 299 706 526 771; x_wconf 80' lang='lat' dir='ltr'><strong>Verumtamen</strong></span> <span class='ocrx_word' id='word_1_44' title='bbox 549 718 585 771; x_wconf 95' lang='lat' dir='ltr'><strong>ut</strong></span> <span class='ocrx_word' id='word_1_45' title='bbox 607 704 649 769; x_wconf 92' lang='lat' dir='ltr'><strong>de</strong></span> <span class='ocrx_word' id='word_1_46' title='bbox 669 704 839 772; x_wconf 86' lang='lat' dir='ltr'><strong>indefinitis</strong></span> <span class='ocrx_word' id='word_1_47' title='bbox 861 715 894 770; x_wconf 91' lang='lat' dir='ltr'><strong>ct</strong></span> <span class='ocrx_word' id='word_1_48' title='bbox 920 701 1189 770; x_wconf 83' lang='lat' dir='ltr'><strong>inextricabilibus</strong></span> <span class='ocrx_word' id='word_1_49' title='bbox 1210 722 1287 788; x_wconf 88' lang='lat' dir='ltr'><strong>pau·</strong></span> 
     </span>
     <span class='ocr_line' id='line_1_8' title="bbox 140 782 1333 876; baseline -0.008 -16"><span class='ocrx_word' id='word_1_50' title='bbox 140 793 267 860; x_wconf 89' lang='lat' dir='ltr'><strong>cissima</strong></span> <span class='ocrx_word' id='word_1_51' title='bbox 297 803 330 857; x_wconf 91' lang='lat' dir='ltr'><strong>et</strong></span> <span class='ocrx_word' id='word_1_52' title='bbox 360 791 516 858; x_wconf 88' lang='lat' dir='ltr'><strong>levissima</strong></span> <span class='ocrx_word' id='word_1_53' title='bbox 545 813 712 871; x_wconf 82' lang='lat' dir='ltr'><strong>eruamus,</strong></span> <span class='ocrx_word' id='word_1_54' title='bbox 745 814 785 857; x_wconf 91' lang='lat' dir='ltr'><strong>ne</strong></span> <span class='ocrx_word' id='word_1_55' title='bbox 817 790 945 857; x_wconf 91' lang='lat' dir='ltr'><strong>omnino</strong></span> <span class='ocrx_word' id='word_1_56' title='bbox 967 789 998 854; x_wconf 92' lang='lat' dir='ltr'><strong>in</strong></span> <span class='ocrx_word' id='word_1_57' title='bbox 1020 791 1088 869; x_wconf 91' lang='lat' dir='ltr'><strong>bis,</strong></span> <span class='ocrx_word' id='word_1_58' title='bbox 1120 786 1287 876; x_wconf 92' lang='lat' dir='ltr'><strong>inquibus</strong></span> <span class='ocrx_word' id='word_1_59' title='bbox 1330 782 1333 829; x_wconf 72' lang='lat' dir='ltr'><strong>l</strong></span> 
     </span>
     <span class='ocr_line' id='line_1_9' title="bbox 139 872 1295 1023; baseline -0.005 -77"><span class='ocrx_word' id='word_1_60' title='bbox 139 878 276 946; x_wconf 85' lang='lat' dir='ltr'><strong>maxime</strong></span> <span class='ocrx_word' id='word_1_61' title='bbox 297 876 475 944; x_wconf 91' lang='lat' dir='ltr'><strong>laboratum</strong></span> <span class='ocrx_word' id='word_1_62' title='bbox 497 889 563 953; x_wconf 85' lang='lat' dir='ltr'><strong>est,</strong></span> <span class='ocrx_word' id='word_1_63' title='bbox 587 877 830 965; x_wconf 80' lang='lat' dir='ltr'><strong>incompetentia</strong></span> <span class='ocrx_word' id='word_1_64' title='bbox 853 876 965 943; x_wconf 87' lang='lat' dir='ltr'><strong>silentii</strong></span> <span class='ocrx_word' id='word_1_65' title='bbox 980 895 1176 962; x_wconf 88' lang='lat' dir='ltr'><strong>arguamur;</strong></span> <span class='ocrx_word' id='word_1_66' title='bbox 1188 872 1295 1023; x_wconf 57' lang='lat' dir='ltr'><strong>[iuxta</strong></span> 
     </span>
    </p>

    <p class='ocr_par' dir='ltr' id='par_1_6' title="bbox 111 960 1333 1138">
     <span class='ocr_line' id='line_1_10' title="bbox 111 960 1287 1053; baseline -0.003 -23"><span class='ocrx_word' id='word_1_67' title='bbox 111 977 114 984; x_wconf 71' lang='lat'><em>‘</em></span> <span class='ocrx_word' id='word_1_68' title='bbox 141 963 421 1053; x_wconf 88' lang='lat' dir='ltr'><strong>pbilosophorum,</strong></span> <span class='ocrx_word' id='word_1_69' title='bbox 459 961 525 1028; x_wconf 89' lang='lat' dir='ltr'><strong>sive</strong></span> <span class='ocrx_word' id='word_1_70' title='bbox 553 963 673 1049; x_wconf 85' lang='lat' dir='ltr'><strong>magis,</strong></span> <span class='ocrx_word' id='word_1_71' title='bbox 712 975 748 1030; x_wconf 91' lang='lat' dir='ltr'><strong>ut</strong></span> <span class='ocrx_word' id='word_1_72' title='bbox 776 962 908 1051; x_wconf 90' lang='lat' dir='ltr'><strong>quidam</strong></span> <span class='ocrx_word' id='word_1_73' title='bbox 933 962 1060 1043; x_wconf 91' lang='lat' dir='ltr'><strong>dicunt,</strong></span> <span class='ocrx_word' id='word_1_74' title='bbox 1105 960 1287 1027; x_wconf 81' lang='lat' dir='ltr'><strong>liivoorum</strong></span> 
     </span>
     <span class='ocr_line' id='line_1_11' title="bbox 143 1036 1333 1138; baseline -0.003 -23"><span class='ocrx_word' id='word_1_75' title='bbox 143 1050 328 1138; x_wconf 84' lang='lat' dir='ltr'><strong>opiniones,</strong></span> <span class='ocrx_word' id='word_1_76' title='bbox 361 1048 485 1116; x_wconf 87' lang='lat' dir='ltr'><strong>animae</strong></span> <span class='ocrx_word' id='word_1_77' title='bbox 506 1050 548 1115; x_wconf 94' lang='lat' dir='ltr'><strong>ab</strong></span> <span class='ocrx_word' id='word_1_78' title='bbox 568 1048 656 1115; x_wconf 93' lang='lat' dir='ltr'><strong>initio</strong></span> <span class='ocrx_word' id='word_1_79' title='bbox 683 1048 792 1115; x_wconf 90' lang='lat' dir='ltr'><strong>mundi</strong></span> <span class='ocrx_word' id='word_1_80' title='bbox 820 1061 950 1115; x_wconf 78' lang='lat' dir='ltr'><strong>creatae</strong></span> <span class='ocrx_word' id='word_1_81' title='bbox 970 1060 1004 1116; x_wconf 88' lang='lat' dir='ltr'><strong>et</strong></span> <span class='ocrx_word' id='word_1_82' title='bbox 1023 1049 1055 1114; x_wconf 93' lang='lat' dir='ltr'><strong>in</strong></span> <span class='ocrx_word' id='word_1_83' title='bbox 1077 1045 1174 1114; x_wconf 88' lang='lat' dir='ltr'><strong>stellis</strong></span> <span class='ocrx_word' id='word_1_84' title='bbox 1202 1069 1288 1112; x_wconf 88' lang='lat' dir='ltr'><strong>coin-</strong></span> <span class='ocrx_word' id='word_1_85' title='bbox 1323 1036 1333 1101; x_wconf 76' lang='lat' dir='ltr'><strong>l</strong></span> 
     </span>
    </p>

    <p class='ocr_par' dir='ltr' id='par_1_7' title="bbox 102 1130 1289 1310">
     <span class='ocr_line' id='line_1_12' title="bbox 102 1130 1289 1286; baseline -0.005 -83"><span class='ocrx_word' id='word_1_86' title='bbox 102 1136 273 1225; x_wconf 81' lang='lat' dir='ltr'><strong>leporibus</strong></span> <span class='ocrx_word' id='word_1_87' title='bbox 294 1135 419 1286; x_wconf 89' lang='lat' dir='ltr'><strong>positae</strong></span> <span class='ocrx_word' id='word_1_88' title='bbox 445 1146 535 1216; x_wconf 88' lang='lat' dir='ltr'><strong>suut,</strong></span> <span class='ocrx_word' id='word_1_89' title='bbox 566 1145 602 1202; x_wconf 92' lang='lat' dir='ltr'><strong>ut</strong></span> <span class='ocrx_word' id='word_1_90' title='bbox 631 1135 849 1201; x_wconf 82' lang='lat' dir='ltr'><strong>rationabilem</strong></span> <span class='ocrx_word' id='word_1_91' title='bbox 875 1135 920 1200; x_wconf 91' lang='lat' dir='ltr'><strong>ibi</strong></span> <span class='ocrx_word' id='word_1_92' title='bbox 948 1146 1071 1202; x_wconf 89' lang='lat' dir='ltr'><strong>motum</strong></span> <span class='ocrx_word' id='word_1_93' title='bbox 1098 1130 1289 1199; x_wconf 79' lang='lat' dir='ltr'><strong>firmamenti</strong></span> 
     </span>
     <span class='ocr_line' id='line_1_13' title="bbox 144 1216 1288 1310; baseline -0.006 -21"><span class='ocrx_word' id='word_1_94' title='bbox 144 1232 291 1308; x_wconf 80' lang='lat' dir='ltr'><strong>contemp</strong></span> <span class='ocrx_word' id='word_1_95' title='bbox 305 1232 451 1299; x_wconf 90' lang='lat' dir='ltr'><strong>arentur,</strong></span> <span class='ocrx_word' id='word_1_96' title='bbox 483 1232 515 1289; x_wconf 88' lang='lat' dir='ltr'><strong>et</strong></span> <span class='ocrx_word' id='word_1_97' title='bbox 536 1242 611 1287; x_wconf 91' lang='lat' dir='ltr'><strong>cum</strong></span> <span class='ocrx_word' id='word_1_98' title='bbox 632 1241 690 1310; x_wconf 90' lang='lat' dir='ltr'><strong>spe</strong></span> <span class='ocrx_word' id='word_1_99' title='bbox 710 1232 744 1288; x_wconf 92' lang='lat' dir='ltr'><strong>et</strong></span> <span class='ocrx_word' id='word_1_100' title='bbox 764 1218 924 1305; x_wconf 84' lang='lat' dir='ltr'><strong>desiderio</strong></span> <span class='ocrx_word' id='word_1_101' title='bbox 947 1243 1091 1287; x_wconf 86' lang='lat' dir='ltr'><strong>summae</strong></span> <span class='ocrx_word' id='word_1_102' title='bbox 1119 1216 1288 1287; x_wconf 85' lang='lat' dir='ltr'><strong>beatitudi-</strong></span> 
     </span>
    </p>

    <p class='ocr_par' dir='ltr' id='par_1_8' title="bbox 44 1306 1333 1569">
     <span class='ocr_line' id='line_1_14' title="bbox 44 1306 1287 1393; baseline -0.004 -19"><span class='ocrx_word' id='word_1_103' title='bbox 44 1350 47 1357; x_wconf 90' lang='lat'>·</span> <span class='ocrx_word' id='word_1_104' title='bbox 144 1308 193 1374; x_wconf 88' lang='lat' dir='ltr'><strong>nis</strong></span> <span class='ocrx_word' id='word_1_105' title='bbox 213 1306 513 1393; x_wconf 79' lang='lat' dir='ltr'><strong>incorporarentur,</strong></span> <span class='ocrx_word' id='word_1_106' title='bbox 544 1317 581 1376; x_wconf 92' lang='lat' dir='ltr'><strong>ut</strong></span> <span class='ocrx_word' id='word_1_107' title='bbox 600 1306 776 1393; x_wconf 83' lang='lat' dir='ltr'><strong>secundum</strong></span> <span class='ocrx_word' id='word_1_108' title='bbox 797 1318 920 1376; x_wconf 89' lang='lat' dir='ltr'><strong>motum</strong></span> <span class='ocrx_word' id='word_1_109' title='bbox 940 1306 1131 1373; x_wconf 86' lang='lat' dir='ltr'><strong>firmamenti</strong></span> <span class='ocrx_word' id='word_1_110' title='bbox 1152 1326 1287 1393; x_wconf 89' lang='lat' dir='ltr'><strong>corpora</strong></span> 
     </span>
     <span class='ocr_line' id='line_1_15' title="bbox 144 1378 1333 1481; baseline -0.002 -22"><span class='ocrx_word' id='word_1_111' title='bbox 144 1393 372 1460; x_wconf 85' lang='lat' dir='ltr'><strong>rationabiliter</strong></span> <span class='ocrx_word' id='word_1_112' title='bbox 393 1403 562 1481; x_wconf 82' lang='lat' dir='ltr'><strong>regerent3</strong></span> <span class='ocrx_word' id='word_1_113' title='bbox 594 1392 639 1459; x_wconf 88' lang='lat' dir='ltr'><strong>ibi</strong></span> <span class='ocrx_word' id='word_1_114' title='bbox 669 1405 778 1461; x_wconf 89' lang='lat' dir='ltr'><strong>autem</strong></span> <span class='ocrx_word' id='word_1_115' title='bbox 810 1403 990 1473; x_wconf 78' lang='lat' dir='ltr'><strong>morantes,</strong></span> <span class='ocrx_word' id='word_1_116' title='bbox 1035 1394 1077 1457; x_wconf 92' lang='lat' dir='ltr'><strong>ab</strong></span> <span class='ocrx_word' id='word_1_117' title='bbox 1107 1390 1215 1472; x_wconf 92' lang='lat' dir='ltr'><strong>omni,</strong></span> <span class='ocrx_word' id='word_1_118' title='bbox 1253 1403 1288 1457; x_wconf 89' lang='lat' dir='ltr'><strong>ut</strong></span> <span class='ocrx_word' id='word_1_119' title='bbox 1331 1378 1333 1435; x_wconf 69' lang='lat' dir='ltr'><strong>l</strong></span> 
     </span>
     <span class='ocr_line' id='line_1_16' title="bbox 145 1477 1288 1569; baseline -0.002 -24"><span class='ocrx_word' id='word_1_120' title='bbox 145 1481 250 1569; x_wconf 88' lang='lat' dir='ltr'><strong>ajunt,</strong></span> <span class='ocrx_word' id='word_1_121' title='bbox 282 1501 439 1568; x_wconf 90' lang='lat' dir='ltr'><strong>corporea</strong></span> <span class='ocrx_word' id='word_1_122' title='bbox 461 1479 654 1569; x_wconf 77' lang='lat' dir='ltr'><strong>contagione</strong></span> <span class='ocrx_word' id='word_1_123' title='bbox 674 1480 809 1561; x_wconf 84' lang='lat' dir='ltr'><strong>liberae,</strong></span> <span class='ocrx_word' id='word_1_124' title='bbox 830 1481 954 1549; x_wconf 88' lang='lat' dir='ltr'><strong>caelum</strong></span> <span class='ocrx_word' id='word_1_125' title='bbox 975 1477 1196 1566; x_wconf 80' lang='lat' dir='ltr'><strong>possiderent,</strong></span> <span class='ocrx_word' id='word_1_126' title='bbox 1217 1498 1288 1565; x_wconf 90' lang='lat' dir='ltr'><strong>per·</strong></span> 
     </span>
    </p>

    <p class='ocr_par' dir='ltr' id='par_1_9' title="bbox 104 1564 1323 1826">
     <span class='ocr_line' id='line_1_17' title="bbox 104 1564 1323 1669; baseline -0.002 -37"><span class='ocrx_word' id='word_1_127' title='bbox 104 1568 329 1654; x_wconf 76' lang='lat' dir='ltr'><strong>relectamque</strong></span> <span class='ocrx_word' id='word_1_128' title='bbox 354 1564 494 1635; x_wconf 90' lang='lat' dir='ltr'><strong>omniunr</strong></span> <span class='ocrx_word' id='word_1_129' title='bbox 524 1577 559 1633; x_wconf 89' lang='lat' dir='ltr'><strong>et</strong></span> <span class='ocrx_word' id='word_1_130' title='bbox 584 1566 828 1669; x_wconf 91' lang='lat' dir='ltr'><strong>praeteritorum</strong></span> <span class='ocrx_word' id='word_1_131' title='bbox 854 1577 888 1634; x_wconf 93' lang='lat' dir='ltr'><strong>et</strong></span> <span class='ocrx_word' id='word_1_132' title='bbox 916 1565 1130 1654; x_wconf 88' lang='lat' dir='ltr'><strong>praesentium</strong></span> <span class='ocrx_word' id='word_1_133' title='bbox 1164 1564 1288 1631; x_wconf 80' lang='lat' dir='ltr'><strong>subire·</strong></span> <span class='ocrx_word' id='word_1_134' title='bbox 1320 1642 1323 1647; x_wconf 27' lang='grc' dir='ltr'>Ι</span> 
     </span>
     <span class='ocr_line' id='line_1_18' title="bbox 143 1650 1288 1740; baseline -0.002 -22"><span class='ocrx_word' id='word_1_135' title='bbox 143 1673 281 1740; x_wconf 89' lang='lat' dir='ltr'><strong>rumque</strong></span> <span class='ocrx_word' id='word_1_136' title='bbox 301 1653 482 1719; x_wconf 89' lang='lat' dir='ltr'><strong>obtinerent</strong></span> <span class='ocrx_word' id='word_1_137' title='bbox 503 1651 728 1738; x_wconf 80' lang='lat' dir='ltr'><strong>cognitionem.</strong></span> <span class='ocrx_word' id='word_1_138' title='bbox 765 1653 861 1728; x_wconf 83' lang='lat' dir='ltr'><strong>Quae</strong></span> <span class='ocrx_word' id='word_1_139' title='bbox 882 1674 958 1737; x_wconf 85' lang='lat' dir='ltr'><strong>vero</strong></span> <span class='ocrx_word' id='word_1_140' title='bbox 978 1650 1196 1740; x_wconf 87' lang='lat' dir='ltr'><strong>appetentiam</strong></span> <span class='ocrx_word' id='word_1_141' title='bbox 1216 1670 1288 1717; x_wconf 86' lang='lat' dir='ltr'><strong>cor-</strong></span> 
     </span>
     <span class='ocr_line' id='line_1_19' title="bbox 145 1735 1288 1826; baseline -0.001 -23"><span class='ocrx_word' id='word_1_142' title='bbox 145 1736 249 1826; x_wconf 85' lang='lat' dir='ltr'><strong>poris,</strong></span> <span class='ocrx_word' id='word_1_143' title='bbox 285 1749 318 1803; x_wconf 85' lang='lat' dir='ltr'><strong>at</strong></span> <span class='ocrx_word' id='word_1_144' title='bbox 338 1737 432 1826; x_wconf 90' lang='lat' dir='ltr'><strong>hujus</strong></span> <span class='ocrx_word' id='word_1_145' title='bbox 454 1760 550 1826; x_wconf 91' lang='lat' dir='ltr'><strong>quani</strong></span> <span class='ocrx_word' id='word_1_146' title='bbox 575 1738 725 1807; x_wconf 84' lang='lat' dir='ltr'><strong>interra</strong></span> <span class='ocrx_word' id='word_1_147' title='bbox 754 1738 849 1806; x_wconf 90' lang='lat' dir='ltr'><strong>vitam</strong></span> <span class='ocrx_word' id='word_1_148' title='bbox 872 1760 1041 1816; x_wconf 87' lang='lat' dir='ltr'><strong>vocamus,</strong></span> <span class='ocrx_word' id='word_1_149' title='bbox 1079 1740 1120 1804; x_wconf 90' lang='lat' dir='ltr'><strong>ab</strong></span> <span class='ocrx_word' id='word_1_150' title='bbox 1140 1735 1194 1803; x_wconf 91' lang='lat' dir='ltr'><strong>illa</strong></span> <span class='ocrx_word' id='word_1_151' title='bbox 1214 1758 1288 1825; x_wconf 89' lang='lat' dir='ltr'><strong>spe-</strong></span> 
     </span>
    </p>

    <p class='ocr_par' dir='ltr' id='par_1_10' title="bbox 146 1820 1288 1913">
     <span class='ocr_line' id='line_1_20' title="bbox 146 1820 1288 1913; baseline -0.001 -24"><span class='ocrx_word' id='word_1_152' title='bbox 146 1822 226 1889; x_wconf 86' lang='lat' dir='ltr'><strong>cula¹</strong></span> <span class='ocrx_word' id='word_1_153' title='bbox 240 1821 390 1889; x_wconf 87' lang='lat' dir='ltr'><strong>altissima</strong></span> <span class='ocrx_word' id='word_1_154' title='bbox 410 1833 444 1889; x_wconf 90' lang='lat' dir='ltr'><strong>et</strong></span> <span class='ocrx_word' id='word_1_155' title='bbox 473 1835 630 1912; x_wconf 88' lang='lat' dir='ltr'><strong>perpetua</strong></span> <span class='ocrx_word' id='word_1_156' title='bbox 658 1824 730 1890; x_wconf 90' lang='lat' dir='ltr'><strong>luce</strong></span> <span class='ocrx_word' id='word_1_157' title='bbox 758 1820 954 1913; x_wconf 87' lang='lat' dir='ltr'><strong>despiciens,</strong></span> <span class='ocrx_word' id='word_1_158' title='bbox 991 1821 1152 1891; x_wconf 87' lang='lat' dir='ltr'><strong>desiderio</strong></span> <span class='ocrx_word' id='word_1_159' title='bbox 1182 1821 1288 1891; x_wconf 82' lang='lat' dir='ltr'><strong>latenti</strong></span> 
     </span>
    </p>

    <p class='ocr_par' dir='ltr' id='par_1_11' title="bbox 147 1907 1285 1998">
     <span class='ocr_line' id='line_1_21' title="bbox 147 1907 1285 1998; baseline -0.004 -22"><span class='ocrx_word' id='word_1_160' title='bbox 147 1932 186 1976; x_wconf 94' lang='lat' dir='ltr'><strong>co</strong></span> <span class='ocrx_word' id='word_1_161' title='bbox 212 1908 353 1987; x_wconf 87' lang='lat' dir='ltr'><strong>itarerit,</strong></span> <span class='ocrx_word' id='word_1_162' title='bbox 391 1908 536 1996; x_wconf 87' lang='lat' dir='ltr'><strong>pondere</strong></span> <span class='ocrx_word' id='word_1_163' title='bbox 561 1908 632 1997; x_wconf 90' lang='lat' dir='ltr'><strong>ipso</strong></span> <span class='ocrx_word' id='word_1_164' title='bbox 662 1922 812 1976; x_wconf 89' lang='lat' dir='ltr'><strong>terrenae</strong></span> <span class='ocrx_word' id='word_1_165' title='bbox 845 1908 1048 1998; x_wconf 80' lang='lat' dir='ltr'><strong>cogitationis</strong></span> <span class='ocrx_word' id='word_1_166' title='bbox 1077 1907 1230 1997; x_wconf 87' lang='lat' dir='ltr'><strong>paulatim</strong></span> <span class='ocrx_word' id='word_1_167' title='bbox 1255 1907 1285 1974; x_wconf 84' lang='lat' dir='ltr'><strong>iii</strong></span> 
     </span>
    </p>

    <p class='ocr_par' dir='ltr' id='par_1_12' title="bbox 103 1930 1287 2085">
     <span class='ocr_line' id='line_1_22' title="bbox 103 1930 1287 2085; baseline -0.003 -23"><span class='ocrx_word' id='word_1_168' title='bbox 103 1930 298 2062; x_wconf 58' lang='lat' dir='ltr'><strong>auinlbriora</strong></span> <span class='ocrx_word' id='word_1_169' title='bbox 316 1993 482 2061; x_wconf 89' lang='lat' dir='ltr'><strong>delabitur.</strong></span> <span class='ocrx_word' id='word_1_170' title='bbox 524 1995 597 2060; x_wconf 93' lang='lat' dir='ltr'><strong>Nec</strong></span> <span class='ocrx_word' id='word_1_171' title='bbox 618 1995 724 2062; x_wconf 88' lang='lat' dir='ltr'><strong>subito</strong></span> <span class='ocrx_word' id='word_1_172' title='bbox 745 1994 874 2083; x_wconf 88' lang='lat' dir='ltr'><strong>quidem</strong></span> <span class='ocrx_word' id='word_1_173' title='bbox 896 2018 916 2062; x_wconf 91' lang='lat' dir='ltr'><strong>a</strong></span> <span class='ocrx_word' id='word_1_174' title='bbox 937 1995 1082 2085; x_wconf 88' lang='lat' dir='ltr'><strong>perlecta</strong></span> <span class='ocrx_word' id='word_1_175' title='bbox 1102 1995 1287 2083; x_wconf 86' lang='lat' dir='ltr'><strong>incorpora-</strong></span> 
     </span>
    </p>

    <p class='ocr_par' dir='ltr' id='par_1_13' title="bbox 104 2077 1333 2859">
     <span class='ocr_line' id='line_1_23' title="bbox 146 2077 1286 2171; baseline 0 -24"><span class='ocrx_word' id='word_1_176' title='bbox 146 2081 234 2148; x_wconf 88' lang='lat' dir='ltr'><strong>litate</strong></span> <span class='ocrx_word' id='word_1_177' title='bbox 254 2078 374 2147; x_wconf 90' lang='lat' dir='ltr'><strong>luteum</strong></span> <span class='ocrx_word' id='word_1_178' title='bbox 403 2102 521 2170; x_wconf 89' lang='lat' dir='ltr'><strong>corpus</strong></span> <span class='ocrx_word' id='word_1_179' title='bbox 547 2079 708 2163; x_wconf 88' lang='lat' dir='ltr'><strong>induitur,</strong></span> <span class='ocrx_word' id='word_1_180' title='bbox 740 2079 801 2148; x_wconf 89' lang='lat' dir='ltr'><strong>sed</strong></span> <span class='ocrx_word' id='word_1_181' title='bbox 828 2083 944 2149; x_wconf 85' lang='lat' dir='ltr'><strong>sensim</strong></span> <span class='ocrx_word' id='word_1_182' title='bbox 974 2104 1034 2171; x_wconf 92' lang='lat' dir='ltr'><strong>per</strong></span> <span class='ocrx_word' id='word_1_183' title='bbox 1062 2081 1163 2150; x_wconf 87' lang='lat' dir='ltr'><strong>tacita</strong></span> <span class='ocrx_word' id='word_1_184' title='bbox 1190 2077 1286 2147; x_wconf 87' lang='lat' dir='ltr'><strong>detri-</strong></span> 
     </span>
     <span class='ocr_line' id='line_1_24' title="bbox 146 2163 1288 2271; baseline -0.001 -39"><span class='ocrx_word' id='word_1_185' title='bbox 146 2177 274 2246; x_wconf 89' lang='lat' dir='ltr'><strong>menta,</strong></span> <span class='ocrx_word' id='word_1_186' title='bbox 311 2177 344 2232; x_wconf 92' lang='lat' dir='ltr'><strong>et</strong></span> <span class='ocrx_word' id='word_1_187' title='bbox 364 2164 543 2253; x_wconf 81' lang='lat' dir='ltr'><strong>longiorem</strong></span> <span class='ocrx_word' id='word_1_188' title='bbox 561 2166 712 2254; x_wconf 83' lang='lat' dir='ltr'><strong>simplicis</strong></span> <span class='ocrx_word' id='word_1_189' title='bbox 735 2176 769 2233; x_wconf 89' lang='lat' dir='ltr'><strong>et</strong></span> <span class='ocrx_word' id='word_1_190' title='bbox 790 2167 1042 2237; x_wconf 83' lang='lat' dir='ltr'><strong>absolutissimae</strong></span> <span class='ocrx_word' id='word_1_191' title='bbox 1068 2163 1217 2271; x_wconf 79' lang='lat' dir='ltr'><strong>puritatis</strong></span> <span class='ocrx_word' id='word_1_192' title='bbox 1237 2186 1288 2232; x_wconf 87' lang='lat' dir='ltr'><strong>re·</strong></span> 
     </span>
     <span class='ocr_line' id='line_1_25' title="bbox 148 2251 1288 2342; baseline -0.001 -25"><span class='ocrx_word' id='word_1_193' title='bbox 148 2274 274 2318; x_wconf 88' lang='lat' dir='ltr'><strong>cessum</strong></span> <span class='ocrx_word' id='word_1_194' title='bbox 304 2252 336 2317; x_wconf 91' lang='lat' dir='ltr'><strong>in</strong></span> <span class='ocrx_word' id='word_1_195' title='bbox 367 2251 527 2341; x_wconf 89' lang='lat' dir='ltr'><strong>quaedam</strong></span> <span class='ocrx_word' id='word_1_196' title='bbox 548 2254 691 2342; x_wconf 91' lang='lat' dir='ltr'><strong>corporis</strong></span> <span class='ocrx_word' id='word_1_197' title='bbox 716 2252 910 2322; x_wconf 87' lang='lat' dir='ltr'><strong>incrementa</strong></span> <span class='ocrx_word' id='word_1_198' title='bbox 937 2264 1107 2342; x_wconf 85' lang='lat' dir='ltr'><strong>turgescit.</strong></span> <span class='ocrx_word' id='word_1_199' title='bbox 1158 2252 1196 2321; x_wconf 91' lang='lat' dir='ltr'><strong>lu</strong></span> <span class='ocrx_word' id='word_1_200' title='bbox 1224 2251 1288 2318; x_wconf 85' lang='lat' dir='ltr'><strong>siri·</strong></span> 
     </span>
     <span class='ocr_line' id='line_1_26' title="bbox 147 2335 1288 2431; baseline 0.004 -29"><span class='ocrx_word' id='word_1_201' title='bbox 147 2336 230 2425; x_wconf 84' lang='lat' dir='ltr'><strong>gulis</strong></span> <span class='ocrx_word' id='word_1_202' title='bbox 262 2338 346 2404; x_wconf 90' lang='lat' dir='ltr'><strong>enim</strong></span> <span class='ocrx_word' id='word_1_203' title='bbox 373 2337 536 2426; x_wconf 86' lang='lat' dir='ltr'><strong>sphaeris,</strong></span> <span class='ocrx_word' id='word_1_204' title='bbox 575 2363 660 2428; x_wconf 90' lang='lat' dir='ltr'><strong>quae</strong></span> <span class='ocrx_word' id='word_1_205' title='bbox 690 2339 781 2406; x_wconf 90' lang='lat' dir='ltr'><strong>caelo</strong></span> <span class='ocrx_word' id='word_1_206' title='bbox 806 2341 974 2431; x_wconf 90' lang='lat' dir='ltr'><strong>subjectae</strong></span> <span class='ocrx_word' id='word_1_207' title='bbox 1009 2351 1103 2422; x_wconf 90' lang='lat' dir='ltr'><strong>sunt,</strong></span> <span class='ocrx_word' id='word_1_208' title='bbox 1148 2335 1288 2427; x_wconf 86' lang='lat' dir='ltr'><strong>quadam</strong></span> 
     </span>
     <span class='ocr_line' id='line_1_27' title="bbox 104 2422 1288 2515; baseline 0.001 -25"><span class='ocrx_word' id='word_1_209' title='bbox 104 2446 141 2496; x_wconf 75' lang='lat' dir='ltr'><strong>ss</strong></span> <span class='ocrx_word' id='word_1_210' title='bbox 149 2424 300 2491; x_wconf 87' lang='lat' dir='ltr'><strong>aetherea</strong></span> <span class='ocrx_word' id='word_1_211' title='bbox 324 2423 527 2491; x_wconf 88' lang='lat' dir='ltr'><strong>obvolutione</strong></span> <span class='ocrx_word' id='word_1_212' title='bbox 549 2427 696 2506; x_wconf 88' lang='lat' dir='ltr'><strong>vestitur,</strong></span> <span class='ocrx_word' id='word_1_213' title='bbox 731 2437 768 2493; x_wconf 96' lang='lat' dir='ltr'><strong>ut</strong></span> <span class='ocrx_word' id='word_1_214' title='bbox 795 2449 854 2515; x_wconf 91' lang='lat' dir='ltr'><strong>per</strong></span> <span class='ocrx_word' id='word_1_215' title='bbox 883 2450 939 2493; x_wconf 89' lang='lat' dir='ltr'><strong>eas</strong></span> <span class='ocrx_word' id='word_1_216' title='bbox 961 2424 1123 2514; x_wconf 84' lang='lat' dir='ltr'><strong>gradatim</strong></span> <span class='ocrx_word' id='word_1_217' title='bbox 1142 2422 1288 2493; x_wconf 80' lang='lat' dir='ltr'><strong>societati</strong></span> 
     </span>
     <span class='ocr_line' id='line_1_28' title="bbox 148 2508 1331 2615; baseline 0 -39"><span class='ocrx_word' id='word_1_218' title='bbox 148 2509 241 2598; x_wconf 87' lang='lat' dir='ltr'><strong>hujus</strong></span> <span class='ocrx_word' id='word_1_219' title='bbox 261 2508 439 2577; x_wconf 89' lang='lat' dir='ltr'><strong>indumenti</strong></span> <span class='ocrx_word' id='word_1_220' title='bbox 458 2508 551 2578; x_wconf 87' lang='lat' dir='ltr'><strong>testei</strong></span> <span class='ocrx_word' id='word_1_221' title='bbox 571 2512 772 2592; x_wconf 85' lang='lat' dir='ltr'><strong>concilietur;</strong></span> <span class='ocrx_word' id='word_1_222' title='bbox 793 2523 977 2615; x_wconf 90' lang='lat' dir='ltr'><strong>quantoque</strong></span> <span class='ocrx_word' id='word_1_223' title='bbox 992 2512 1112 2600; x_wconf 91' lang='lat' dir='ltr'><strong>ubique</strong></span> <span class='ocrx_word' id='word_1_224' title='bbox 1129 2530 1290 2599; x_wconf 84' lang='lat' dir='ltr'><strong>corperea</strong></span> <span class='ocrx_word' id='word_1_225' title='bbox 1321 2516 1331 2532; x_wconf 85' lang='lat'><em>⁰</em></span> 
     </span>
     <span class='ocr_line' id='line_1_29' title="bbox 147 2593 1288 2689; baseline 0.001 -27"><span class='ocrx_word' id='word_1_226' title='bbox 147 2593 419 2663; x_wconf 90' lang='lat' dir='ltr'><strong>circumductione</strong></span> <span class='ocrx_word' id='word_1_227' title='bbox 430 2596 581 2680; x_wconf 90' lang='lat' dir='ltr'><strong>induitur,</strong></span> <span class='ocrx_word' id='word_1_228' title='bbox 600 2608 689 2665; x_wconf 84' lang='lat' dir='ltr'><strong>tanto</strong></span> <span class='ocrx_word' id='word_1_229' title='bbox 710 2596 828 2665; x_wconf 87' lang='lat' dir='ltr'><strong>ibidem</strong></span> <span class='ocrx_word' id='word_1_230' title='bbox 850 2600 999 2689; x_wconf 83' lang='lat' dir='ltr'><strong>pristinae</strong></span> <span class='ocrx_word' id='word_1_231' title='bbox 1015 2596 1179 2680; x_wconf 86' lang='lat' dir='ltr'><strong>scientiae,</strong></span> <span class='ocrx_word' id='word_1_232' title='bbox 1193 2615 1288 2686; x_wconf 86' lang='lat' dir='ltr'><strong>quam</strong></span> 
     </span>
     <span class='ocr_line' id='line_1_30' title="bbox 148 2679 1333 2838; baseline 0 -91"><span class='ocrx_word' id='word_1_233' title='bbox 148 2682 250 2771; x_wconf 88' lang='lat' dir='ltr'><strong>potita</strong></span> <span class='ocrx_word' id='word_1_234' title='bbox 283 2696 350 2762; x_wconf 88' lang='lat' dir='ltr'><strong>est,</strong></span> <span class='ocrx_word' id='word_1_235' title='bbox 389 2682 609 2764; x_wconf 88' lang='lat' dir='ltr'><strong>subtilitatem,</strong></span> <span class='ocrx_word' id='word_1_236' title='bbox 648 2686 879 2786; x_wconf 81' lang='lat' dir='ltr'><strong>virtutumque,</strong></span> <span class='ocrx_word' id='word_1_237' title='bbox 916 2706 998 2838; x_wconf 79' lang='lat' dir='ltr'><strong>qpas</strong></span> <span class='ocrx_word' id='word_1_238' title='bbox 1032 2694 1167 2750; x_wconf 91' lang='lat' dir='ltr'><strong>eatenus</strong></span> <span class='ocrx_word' id='word_1_239' title='bbox 1202 2679 1286 2751; x_wconf 85' lang='lat' dir='ltr'><strong>solae</strong></span> <span class='ocrx_word' id='word_1_240' title='bbox 1329 2680 1333 2721; x_wconf 70' lang='lat'>³</span> 
     </span>
     <span class='ocr_line' id='line_1_31' title="bbox 148 2767 1288 2859; baseline 0.005 -28"><span class='ocrx_word' id='word_1_241' title='bbox 148 2777 356 2845; x_wconf 87' lang='lat' dir='ltr'><strong>exercuerat,</strong></span> <span class='ocrx_word' id='word_1_242' title='bbox 392 2767 622 2857; x_wconf 84' lang='lat' dir='ltr'><strong>perlectionem</strong></span> <span class='ocrx_word' id='word_1_243' title='bbox 642 2769 735 2837; x_wconf 94' lang='lat' dir='ltr'><strong>obrui</strong></span> <span class='ocrx_word' id='word_1_244' title='bbox 755 2780 882 2859; x_wconf 87' lang='lat' dir='ltr'><strong>patitur.</strong></span> <span class='ocrx_word' id='word_1_245' title='bbox 957 2770 1040 2851; x_wconf 88' lang='lat' dir='ltr'><strong>rabit</strong></span> <span class='ocrx_word' id='word_1_246' title='bbox 1061 2768 1146 2837; x_wconf 84' lang='lat' dir='ltr'><strong>enlm</strong></span> <span class='ocrx_word' id='word_1_247' title='bbox 1166 2788 1288 2847; x_wconf 82' lang='lat' dir='ltr'><strong>secum,</strong></span> 
     </span>
    </p>

    <p class='ocr_par' dir='ltr' id='par_1_14' title="bbox 106 2853 1288 2942">
     <span class='ocr_line' id='line_1_32' title="bbox 106 2853 1288 2942; baseline 0.001 -25"><span class='ocrx_word' id='word_1_248' title='bbox 106 2864 186 2930; x_wconf 60' lang='lat' dir='ltr'><strong>gout</strong></span> <span class='ocrx_word' id='word_1_249' title='bbox 206 2864 388 2929; x_wconf 88' lang='lat' dir='ltr'><strong>autumant,</strong></span> <span class='ocrx_word' id='word_1_250' title='bbox 424 2865 589 2942; x_wconf 88' lang='lat' dir='ltr'><strong>torporem</strong></span> <span class='ocrx_word' id='word_1_251' title='bbox 616 2855 817 2936; x_wconf 79' lang='lat' dir='ltr'><strong>aSaturno,</strong></span> <span class='ocrx_word' id='word_1_252' title='bbox 850 2879 871 2923; x_wconf 88' lang='lat' dir='ltr'><strong>a</strong></span> <span class='ocrx_word' id='word_1_253' title='bbox 892 2855 998 2923; x_wconf 88' lang='lat' dir='ltr'><strong>Marte</strong></span> <span class='ocrx_word' id='word_1_254' title='bbox 1024 2853 1241 2935; x_wconf 88' lang='lat' dir='ltr'><strong>iracundiam,</strong></span> <span class='ocrx_word' id='word_1_255' title='bbox 1267 2872 1288 2918; x_wconf 83' lang='lat' dir='ltr'><strong>a</strong></span> 
     </span>
    </p>

    <p class='ocr_par' dir='ltr' id='par_1_15' title="bbox 101 2937 1317 3031">
     <span class='ocr_line' id='line_1_33' title="bbox 101 2937 1317 3031; baseline 0.002 -28"><span class='ocrx_word' id='word_1_256' title='bbox 101 2939 109 2956; x_wconf 71' lang='grc'><em>“</em></span> <span class='ocrx_word' id='word_1_257' title='bbox 150 2940 276 3004; x_wconf 87' lang='lat' dir='ltr'><strong>Venere</strong></span> <span class='ocrx_word' id='word_1_258' title='bbox 295 2937 467 3018; x_wconf 87' lang='lat' dir='ltr'><strong>libidinem,</strong></span> <span class='ocrx_word' id='word_1_259' title='bbox 488 2963 506 3005; x_wconf 91' lang='lat' dir='ltr'><strong>a</strong></span> <span class='ocrx_word' id='word_1_260' title='bbox 523 2938 684 3007; x_wconf 85' lang='lat' dir='ltr'><strong>Mercurio</strong></span> <span class='ocrx_word' id='word_1_261' title='bbox 706 2941 785 3008; x_wconf 91' lang='lat' dir='ltr'><strong>lucri</strong></span> <span class='ocrx_word' id='word_1_262' title='bbox 805 2941 1022 3031; x_wconf 90' lang='lat' dir='ltr'><strong>cupiditatem,</strong></span> <span class='ocrx_word' id='word_1_263' title='bbox 1051 2965 1071 3007; x_wconf 90' lang='lat' dir='ltr'><strong>a</strong></span> <span class='ocrx_word' id='word_1_264' title='bbox 1089 2942 1174 3007; x_wconf 85' lang='lat' dir='ltr'><strong>Jove</strong></span> <span class='ocrx_word' id='word_1_265' title='bbox 1193 2938 1288 3027; x_wconf 81' lang='lat' dir='ltr'><strong>regui</strong></span> <span class='ocrx_word' id='word_1_266' title='bbox 1314 2952 1317 2957; x_wconf 84' lang='lat'>&#39;</span> 
     </span>
    </p>

    <p class='ocr_par' dir='ltr' id='par_1_16' title="bbox 120 3022 1309 3205">
     <span class='ocr_line' id='line_1_34' title="bbox 120 3022 1288 3118; baseline 0.001 -29"><span class='ocrx_word' id='word_1_267' title='bbox 120 3060 124 3067; x_wconf 93' lang='lat'>·</span> <span class='ocrx_word' id='word_1_268' title='bbox 149 3022 368 3092; x_wconf 79' lang='lat' dir='ltr'><strong>desiderium.&#39;</strong></span> <span class='ocrx_word' id='word_1_269' title='bbox 395 3024 579 3104; x_wconf 84' lang='lat' dir='ltr'><strong>Quaeres,</strong></span> <span class='ocrx_word' id='word_1_270' title='bbox 601 3035 637 3094; x_wconf 93' lang='lat' dir='ltr'><strong>ut</strong></span> <span class='ocrx_word' id='word_1_271' title='bbox 657 3027 762 3118; x_wconf 88' lang='lat' dir='ltr'><strong>ajunt,</strong></span> <span class='ocrx_word' id='word_1_272' title='bbox 782 3027 1053 3117; x_wconf 85' lang='lat' dir='ltr'><strong>perturbationem</strong></span> <span class='ocrx_word' id='word_1_273' title='bbox 1073 3026 1136 3116; x_wconf 85' lang='lat' dir='ltr'><strong>&#39;ipsi</strong></span> <span class='ocrx_word' id='word_1_274' title='bbox 1158 3027 1288 3105; x_wconf 79' lang='lat' dir='ltr'><strong>faciam,</strong></span> 
     </span>
     <span class='ocr_line' id='line_1_35' title="bbox 149 3108 1309 3205; baseline 0.003 -29"><span class='ocrx_word' id='word_1_275' title='bbox 149 3132 191 3176; x_wconf 91' lang='lat' dir='ltr'><strong>ne</strong></span> <span class='ocrx_word' id='word_1_276' title='bbox 213 3132 272 3176; x_wconf 88' lang='lat' dir='ltr'><strong>suo</strong></span> <span class='ocrx_word' id='word_1_277' title='bbox 294 3111 405 3197; x_wconf 87' lang='lat' dir='ltr'><strong>vigore</strong></span> <span class='ocrx_word' id='word_1_278' title='bbox 432 3122 466 3179; x_wconf 92' lang='lat' dir='ltr'><strong>et</strong></span> <span class='ocrx_word' id='word_1_279' title='bbox 487 3108 603 3177; x_wconf 90' lang='lat' dir='ltr'><strong>viribus</strong></span> <span class='ocrx_word' id='word_1_280' title='bbox 626 3113 763 3203; x_wconf 91' lang='lat' dir='ltr'><strong>propriis</strong></span> <span class='ocrx_word' id='word_1_281' title='bbox 788 3115 834 3182; x_wconf 92' lang='lat' dir='ltr'><strong>uti</strong></span> <span class='ocrx_word' id='word_1_282' title='bbox 862 3115 972 3205; x_wconf 81' lang='lat' dir='ltr'><strong>possit</strong></span> <span class='ocrx_word' id='word_1_283' title='bbox 1014 3114 1090 3181; x_wconf 89' lang='lat' dir='ltr'><strong>Hac</strong></span> <span class='ocrx_word' id='word_1_284' title='bbox 1118 3113 1216 3181; x_wconf 84' lang='lat' dir='ltr'><strong>etiam</strong></span> <span class='ocrx_word' id='word_1_285' title='bbox 1236 3132 1309 3179; x_wconf 86' lang='lat' dir='ltr'><strong>ra··</strong></span> 
     </span>
    </p>

    <p class='ocr_par' dir='ltr' id='par_1_17' title="bbox 149 3196 1333 3348">
     <span class='ocr_line' id='line_1_36' title="bbox 149 3196 1333 3348; baseline 0.002 -84"><span class='ocrx_word' id='word_1_286' title='bbox 149 3197 237 3264; x_wconf 87' lang='lat' dir='ltr'><strong>tione</strong></span> <span class='ocrx_word' id='word_1_287' title='bbox 257 3197 425 3348; x_wconf 81' lang='lat' dir='ltr'><strong>perbibent</strong></span> <span class='ocrx_word' id='word_1_288' title='bbox 447 3196 677 3281; x_wconf 86' lang='lat' dir='ltr'><strong>mathematici,</strong></span> <span class='ocrx_word' id='word_1_289' title='bbox 716 3198 804 3288; x_wconf 93' lang='lat' dir='ltr'><strong>quod</strong></span> <span class='ocrx_word' id='word_1_290' title='bbox 825 3200 1023 3290; x_wconf 86' lang='lat' dir='ltr'><strong>singulorum</strong></span> <span class='ocrx_word' id='word_1_291' title='bbox 1046 3199 1210 3267; x_wconf 86' lang='lat' dir='ltr'><strong>numinum</strong></span> <span class='ocrx_word' id='word_1_292' title='bbox 1231 3218 1288 3289; x_wconf 87' lang='lat' dir='ltr'><strong>po·</strong></span> <span class='ocrx_word' id='word_1_293' title='bbox 1329 3260 1333 3281; x_wconf 81' lang='grc'><em>,</em></span> 
     </span>
    </p>

    <p class='ocr_par' dir='ltr' id='par_1_18' title="bbox 107 3280 1333 3359">
     <span class='ocr_line' id='line_1_37' title="bbox 107 3280 1333 3359; baseline 0 -8"><span class='ocrx_word' id='word_1_294' title='bbox 107 3280 254 3359; x_wconf 69' lang='lat' dir='ltr'><strong>setestati</strong></span> <span class='ocrx_word' id='word_1_295' title='bbox 279 3306 316 3349; x_wconf 91' lang='lat' dir='ltr'><strong>us</strong></span> <span class='ocrx_word' id='word_1_296' title='bbox 338 3281 474 3349; x_wconf 81' lang='lat' dir='ltr'><strong>connexi</strong></span> <span class='ocrx_word' id='word_1_297' title='bbox 492 3282 601 3351; x_wconf 89' lang='lat' dir='ltr'><strong>simus.</strong></span> <span class='ocrx_word' id='word_1_298' title='bbox 1330 3302 1333 3317; x_wconf 87' lang='grc'>·</span> 
     </span>
    </p>

    <p class='ocr_par' dir='ltr' id='par_1_19' title="bbox 235 3363 1289 3458">
     <span class='ocr_line' id='line_1_38' title="bbox 235 3363 1289 3458; baseline -0.003 -23"><span class='ocrx_word' id='word_1_299' title='bbox 235 3370 267 3436; x_wconf 87' lang='grc'><strong>9.</strong></span> <span class='ocrx_word' id='word_1_300' title='bbox 309 3369 464 3456; x_wconf 85' lang='lat' dir='ltr'><strong>Reliqua,</strong></span> <span class='ocrx_word' id='word_1_301' title='bbox 500 3390 586 3458; x_wconf 86' lang='lat' dir='ltr'><strong>quae</strong></span> <span class='ocrx_word' id='word_1_302' title='bbox 617 3367 659 3437; x_wconf 91' lang='lat' dir='ltr'><strong>de</strong></span> <span class='ocrx_word' id='word_1_303' title='bbox 689 3367 737 3438; x_wconf 89' lang='lat' dir='ltr'><strong>bis</strong></span> <span class='ocrx_word' id='word_1_304' title='bbox 766 3371 871 3438; x_wconf 84' lang='lat' dir='ltr'><strong>sanxit</strong></span> <span class='ocrx_word' id='word_1_305' title='bbox 903 3370 1074 3458; x_wconf 85' lang='lat' dir='ltr'><strong>antiquitas</strong></span> <span class='ocrx_word' id='word_1_306' title='bbox 1106 3369 1213 3438; x_wconf 86' lang='lat' dir='ltr'><strong>miuus</strong></span> <span class='ocrx_word' id='word_1_307' title='bbox 1245 3363 1289 3433; x_wconf 90' lang='lat' dir='ltr'><strong>ad</strong></span> 
     </span>
    </p>

    <p class='ocr_par' dir='ltr' id='par_1_20' title="bbox 108 3452 1289 3867">
     <span class='ocr_line' id='line_1_39' title="bbox 150 3452 1287 3558; baseline -0.003 -37"><span class='ocrx_word' id='word_1_308' title='bbox 150 3456 234 3521; x_wconf 91' lang='lat' dir='ltr'><strong>banc</strong></span> <span class='ocrx_word' id='word_1_309' title='bbox 255 3476 322 3521; x_wconf 91' lang='lat' dir='ltr'><strong>rem</strong></span> <span class='ocrx_word' id='word_1_310' title='bbox 344 3454 504 3558; x_wconf 87' lang='lat' dir='ltr'><strong>pertinere</strong></span> <span class='ocrx_word' id='word_1_311' title='bbox 529 3455 595 3522; x_wconf 88' lang='lat' dir='ltr'><strong>visa</strong></span> <span class='ocrx_word' id='word_1_312' title='bbox 616 3466 708 3538; x_wconf 83' lang='lat' dir='ltr'><strong>sunt;</strong></span> <span class='ocrx_word' id='word_1_313' title='bbox 741 3452 784 3522; x_wconf 90' lang='lat' dir='ltr'><strong>de</strong></span> <span class='ocrx_word' id='word_1_314' title='bbox 810 3457 927 3546; x_wconf 92' lang='lat' dir='ltr'><strong>quibus</strong></span> <span class='ocrx_word' id='word_1_315' title='bbox 953 3470 1058 3525; x_wconf 90' lang='lat' dir='ltr'><strong>tauieii</strong></span> <span class='ocrx_word' id='word_1_316' title='bbox 1089 3452 1209 3544; x_wconf 87' lang='lat' dir='ltr'><strong>aliquid</strong></span> <span class='ocrx_word' id='word_1_317' title='bbox 1228 3474 1287 3520; x_wconf 87' lang='lat' dir='ltr'><strong>siro</strong></span> 
     </span>
     <span class='ocr_line' id='line_1_40' title="bbox 149 3538 1289 3631; baseline 0.002 -27"><span class='ocrx_word' id='word_1_318' title='bbox 149 3540 222 3607; x_wconf 91' lang='lat' dir='ltr'><strong>loco</strong></span> <span class='ocrx_word' id='word_1_319' title='bbox 244 3551 478 3629; x_wconf 78' lang='lat' dir='ltr'><strong>perstringetur</strong></span> <span class='ocrx_word' id='word_1_320' title='bbox 497 3541 639 3609; x_wconf 84' lang='lat' dir='ltr'><strong>inferius.</strong></span> <span class='ocrx_word' id='word_1_321' title='bbox 679 3544 706 3610; x_wconf 77' lang='grc' dir='ltr'><strong>Α</strong></span> <span class='ocrx_word' id='word_1_322' title='bbox 727 3542 860 3631; x_wconf 90' lang='lat' dir='ltr'><strong>planetis</strong></span> <span class='ocrx_word' id='word_1_323' title='bbox 880 3565 957 3610; x_wconf 82' lang='lat' dir='ltr'><strong>vero</strong></span> <span class='ocrx_word' id='word_1_324' title='bbox 974 3542 1197 3631; x_wconf 81' lang='lat' dir='ltr'><strong>perinleriora</strong></span> <span class='ocrx_word' id='word_1_325' title='bbox 1216 3538 1289 3606; x_wconf 89' lang='lat' dir='ltr'><strong>des·</strong></span> 
     </span>
     <span class='ocr_line' id='line_1_41' title="bbox 151 3625 1287 3718; baseline 0.002 -28"><span class='ocrx_word' id='word_1_326' title='bbox 151 3625 310 3708; x_wconf 80' lang='lat' dir='ltr'><strong>candens,</strong></span> <span class='ocrx_word' id='word_1_327' title='bbox 349 3626 440 3695; x_wconf 88' lang='lat' dir='ltr'><strong>variis</strong></span> <span class='ocrx_word' id='word_1_328' title='bbox 479 3627 663 3696; x_wconf 90' lang='lat' dir='ltr'><strong>tumultibus</strong></span> <span class='ocrx_word' id='word_1_329' title='bbox 699 3628 841 3717; x_wconf 90' lang='lat' dir='ltr'><strong>pulsatur</strong></span> <span class='ocrx_word' id='word_1_330' title='bbox 869 3629 1062 3718; x_wconf 86' lang='lat' dir='ltr'><strong>grandinum</strong></span> <span class='ocrx_word' id='word_1_331' title='bbox 1098 3639 1132 3695; x_wconf 87' lang='lat' dir='ltr'><strong>et</strong></span> <span class='ocrx_word' id='word_1_332' title='bbox 1160 3626 1287 3703; x_wconf 82' lang='lat' dir='ltr'><strong>nivium,</strong></span> 
     </span>
     <span class='ocr_line' id='line_1_42' title="bbox 108 3709 1287 3867; baseline -0.002 -89"><span class='ocrx_word' id='word_1_333' title='bbox 108 3709 327 3867; x_wconf 69' lang='lat' dir='ltr'><strong>eupluviaium</strong></span> <span class='ocrx_word' id='word_1_334' title='bbox 352 3730 385 3782; x_wconf 90' lang='lat' dir='ltr'><strong>et</strong></span> <span class='ocrx_word' id='word_1_335' title='bbox 407 3721 588 3797; x_wconf 89' lang='lat' dir='ltr'><strong>ientoruni;</strong></span> <span class='ocrx_word' id='word_1_336' title='bbox 623 3712 818 3804; x_wconf 88' lang='lat' dir='ltr'><strong>tandemque</strong></span> <span class='ocrx_word' id='word_1_337' title='bbox 843 3716 983 3784; x_wconf 87' lang='lat' dir='ltr'><strong>tenebris</strong></span> <span class='ocrx_word' id='word_1_338' title='bbox 1013 3714 1159 3805; x_wconf 88' lang='lat' dir='ltr'><strong>corporis</strong></span> <span class='ocrx_word' id='word_1_339' title='bbox 1188 3714 1287 3779; x_wconf 86' lang='lat' dir='ltr'><strong>obvo-</strong></span> 
     </span>
    </p>

    <p class='ocr_par' dir='ltr' id='par_1_21' title="bbox 164 3796 1324 3890">
     <span class='ocr_line' id='line_1_43' title="bbox 164 3796 1324 3890; baseline 0.001 -29"><span class='ocrx_word' id='word_1_340' title='bbox 164 3808 237 3876; x_wconf 90' lang='lat' dir='ltr'><strong>uta,</strong></span> <span class='ocrx_word' id='word_1_341' title='bbox 266 3798 349 3866; x_wconf 91' lang='lat' dir='ltr'><strong>adeo</strong></span> <span class='ocrx_word' id='word_1_342' title='bbox 371 3799 476 3890; x_wconf 89' lang='lat' dir='ltr'><strong>rigida</strong></span> <span class='ocrx_word' id='word_1_343' title='bbox 498 3801 643 3889; x_wconf 88' lang='lat' dir='ltr'><strong>corporis</strong></span> <span class='ocrx_word' id='word_1_344' title='bbox 664 3800 747 3867; x_wconf 90' lang='lat' dir='ltr'><strong>mole</strong></span> <span class='ocrx_word' id='word_1_345' title='bbox 767 3813 938 3889; x_wconf 83' lang='lat' dir='ltr'><strong>gravatur,</strong></span> <span class='ocrx_word' id='word_1_346' title='bbox 961 3796 1177 3882; x_wconf 76' lang='lat' dir='ltr'><strong>ut‘omnium,</strong></span> <span class='ocrx_word' id='word_1_347' title='bbox 1205 3816 1287 3888; x_wconf 84' lang='lat' dir='ltr'><strong>quae</strong></span> <span class='ocrx_word' id='word_1_348' title='bbox 1313 3796 1324 3857; x_wconf 83' lang='grc' dir='ltr'><strong>ι’</strong></span> 
     </span>
    </p>

    <p class='ocr_par' dir='ltr' id='par_1_22' title="bbox 107 3884 1285 4227">
     <span class='ocr_line' id='line_1_44' title="bbox 149 3884 1285 3978; baseline 0.003 -31"><span class='ocrx_word' id='word_1_349' title='bbox 149 3893 226 3948; x_wconf 87' lang='lat' dir='ltr'><strong>ante</strong></span> <span class='ocrx_word' id='word_1_350' title='bbox 245 3899 393 3968; x_wconf 85' lang='lat' dir='ltr'><strong>noverat,</strong></span> <span class='ocrx_word' id='word_1_351' title='bbox 422 3884 640 3961; x_wconf 79' lang='lat' dir='ltr'><strong>obliviscatur,</strong></span> <span class='ocrx_word' id='word_1_352' title='bbox 677 3884 814 3976; x_wconf 88' lang='lat' dir='ltr'><strong>nibilque</strong></span> <span class='ocrx_word' id='word_1_353' title='bbox 830 3888 898 3978; x_wconf 87' lang='lat' dir='ltr'><strong>jairi</strong></span> <span class='ocrx_word' id='word_1_354' title='bbox 920 3888 1033 3976; x_wconf 89' lang='lat' dir='ltr'><strong>prioris</strong></span> <span class='ocrx_word' id='word_1_355' title='bbox 1053 3898 1158 3955; x_wconf 83' lang='lat' dir='ltr'><strong>status</strong></span> <span class='ocrx_word' id='word_1_356' title='bbox 1178 3904 1285 3952; x_wconf 88' lang='lat' dir='ltr'><strong>recor·</strong></span> 
     </span>
     <span class='ocr_line' id='line_1_45' title="bbox 151 3963 1285 4063; baseline 0.001 -32"><span class='ocrx_word' id='word_1_357' title='bbox 151 3963 263 4047; x_wconf 85' lang='lat' dir='ltr'><strong>detur;</strong></span> <span class='ocrx_word' id='word_1_358' title='bbox 293 3972 380 4057; x_wconf 93' lang='lat' dir='ltr'><strong>quod</strong></span> <span class='ocrx_word' id='word_1_359' title='bbox 403 3971 497 4040; x_wconf 88' lang='lat' dir='ltr'><strong>etiam</strong></span> <span class='ocrx_word' id='word_1_360' title='bbox 518 3971 550 4039; x_wconf 94' lang='lat' dir='ltr'><strong>in</strong></span> <span class='ocrx_word' id='word_1_361' title='bbox 570 3973 702 4042; x_wconf 85' lang='lat' dir='ltr'><strong>stultitia</strong></span> <span class='ocrx_word' id='word_1_362' title='bbox 745 3994 893 4040; x_wconf 90' lang='lat' dir='ltr'><strong>uerorum</strong></span> <span class='ocrx_word' id='word_1_363' title='bbox 922 3987 1027 4063; x_wconf 90' lang='lat' dir='ltr'><strong>patet,</strong></span> <span class='ocrx_word' id='word_1_364' title='bbox 1063 3973 1118 4061; x_wconf 92' lang='lat' dir='ltr'><strong>qui</strong></span> <span class='ocrx_word' id='word_1_365' title='bbox 1147 3972 1285 4039; x_wconf 87' lang='lat' dir='ltr'><strong>carbone</strong></span> 
     </span>
     <span class='ocr_line' id='line_1_46' title="bbox 149 3996 1284 4155; baseline 0.003 -39"><span class='ocrx_word' id='word_1_366' title='bbox 149 4050 276 4155; x_wconf 82' lang='lat' dir='ltr'><strong>lucente</strong></span> <span class='ocrx_word' id='word_1_367' title='bbox 306 4056 433 4147; x_wconf 85' lang='lat' dir='ltr'><strong>decepti</strong></span> <span class='ocrx_word' id='word_1_368' title='bbox 459 4057 637 4128; x_wconf 89' lang='lat' dir='ltr'><strong>laeduntur.</strong></span> <span class='ocrx_word' id='word_1_369' title='bbox 690 3996 955 4129; x_wconf 75' lang='lat' dir='ltr'><strong>Ollvolutionibus</strong></span> <span class='ocrx_word' id='word_1_370' title='bbox 975 4057 1160 4129; x_wconf 85' lang='lat' dir='ltr'><strong>autemillis</strong></span> <span class='ocrx_word' id='word_1_371' title='bbox 1180 4072 1284 4125; x_wconf 87' lang='lat' dir='ltr'><strong>utrurn</strong></span> 
     </span>
     <span class='ocr_line' id='line_1_47' title="bbox 107 4142 1282 4227; baseline 0.001 -21"><span class='ocrx_word' id='word_1_372' title='bbox 107 4156 394 4227; x_wconf 73' lang='lat' dir='ltr'><strong>ssrncorporeiitur</strong></span> <span class='ocrx_word' id='word_1_373' title='bbox 423 4168 464 4212; x_wconf 91' lang='lat' dir='ltr'><strong>aii</strong></span> <span class='ocrx_word' id='word_1_374' title='bbox 491 4167 571 4224; x_wconf 93' lang='lat' dir='ltr'><strong>non,</strong></span> <span class='ocrx_word' id='word_1_375' title='bbox 612 4146 727 4213; x_wconf 88' lang='lat' dir='ltr'><strong>diversi</strong></span> <span class='ocrx_word' id='word_1_376' title='bbox 755 4148 880 4215; x_wconf 89' lang='lat' dir='ltr'><strong>diversa</strong></span> <span class='ocrx_word' id='word_1_377' title='bbox 904 4147 1053 4217; x_wconf 86' lang='lat' dir='ltr'><strong>sentiunt.</strong></span> <span class='ocrx_word' id='word_1_378' title='bbox 1106 4144 1171 4221; x_wconf 83' lang='lat' dir='ltr'><strong>Qui</strong></span> <span class='ocrx_word' id='word_1_379' title='bbox 1202 4142 1282 4210; x_wconf 84' lang='lat' dir='ltr'><strong>eiiltii</strong></span> 
     </span>
    </p>
   </div>
   <div class='ocr_carea' id='block_1_4' title="bbox 132 4224 1281 4324">
    <p class='ocr_par' dir='ltr' id='par_1_23' title="bbox 132 4224 1281 4324">
     <span class='ocr_line' id='line_1_48' title="bbox 132 4224 1281 4324; baseline 0.01 -39"><span class='ocrx_word' id='word_1_380' title='bbox 132 4224 277 4292; x_wconf 85' lang='lat' dir='ltr'><strong>arri&#39;niaui</strong></span> <span class='ocrx_word' id='word_1_381' title='bbox 305 4228 366 4298; x_wconf 85' lang='lat' dir='ltr'><strong>illis</strong></span> <span class='ocrx_word' id='word_1_382' title='bbox 396 4229 599 4324; x_wconf 85' lang='lat' dir='ltr'><strong>incorporari</strong></span> <span class='ocrx_word' id='word_1_383' title='bbox 630 4246 769 4322; x_wconf 81' lang='lat' dir='ltr'><strong>negent,</strong></span> <span class='ocrx_word' id='word_1_384' title='bbox 808 4248 971 4317; x_wconf 84' lang='lat' dir='ltr'><strong>asserunt,</strong></span> <span class='ocrx_word' id='word_1_385' title='bbox 1014 4230 1103 4321; x_wconf 91' lang='lat' dir='ltr'><strong>quod</strong></span> <span class='ocrx_word' id='word_1_386' title='bbox 1136 4250 1195 4321; x_wconf 89' lang='lat' dir='ltr'><strong>per</strong></span> <span class='ocrx_word' id='word_1_387' title='bbox 1223 4230 1281 4295; x_wconf 76' lang='lat' dir='ltr'><strong>boc</strong></span> 
     </span>
    </p>
   </div>
   <div class='ocr_carea' id='block_1_5' title="bbox 0 0 1346 4606">
    <p class='ocr_par' dir='ltr' id='par_1_24' title="bbox 0 0 1346 4606">
     <span class='ocr_line' id='line_1_49' title="bbox 0 0 1346 4606; baseline 0 0"><span class='ocrx_word' id='word_1_388' title='bbox 0 0 1346 4606; x_wconf 95' lang='lat' dir='ltr'><strong> </strong></span> 
     </span>
    </p>
   </div>
  </div>
 </body>
</html>
