2684 4606
1235 33 1279 141 ¹¹!

1205 142 1226 187 .'
1260 150 1279 189 ·'u

1156 200 1164 209 .
1198 194 1212 209 a
1254 190 1279 231 μ’.

1273 232 1279 257 ἰ

21 242 25 251 ’
112 218 206 336 ‘aas
252 204 257 217 '
438 223 626 326 uyuoga
657 220 728 298 ur.
751 213 863 322 ‘aa
901 217 943 298 a.

82 458 88 475 ,
117 411 192 478 nial.
235 410 320 478 Nam
339 406 426 500 quod
448 384 577 477 seruus
605 406 731 475 minime
759 406 892 496 primam
920 406 1104 495 produoer'e
1127 378 1277 487 asserit?

64 560 67 565 .
105 497 192 584 'quia
214 495 358 563 videlieet
379 497 543 561 Graecum
569 517 685 561 nomen
716 494 863 561 Latinam
886 514 949 558 non
969 493 1105 581 recipiat
1128 502 1248 580 etymo·
1275 542 1279 571 ,

116 575 253 668 logiam,
276 581 318 647 de
340 604 379 645 eo
403 580 544 659 Tullius,
566 591 601 648 ut
623 578 719 668 supra
739 579 912 657 innuimus,
934 577 1048 666 aliique
1068 600 1135 644 non
1158 574 1279 664 pauni'¹

117 667 285 734 dissentire
307 665 460 732 videntur.
502 648 605 733 lano
626 665 763 753 denique
781 664 840 732 ait:
870 662 1098 750 Etymologio
1118 660 1279 731 certum}

92 771 185 821 ouon
207 750 309 815 babet
324 751 672 839 proprietateoz,aed.
685 773 750 838 pro
771 760 878 836 captu
896 748 1035 835 ingenii
1044 744 1110 833 fit.
1154 748 1253 816 Nom
1271 758 1279 833 Ἰ

115 846 149 900 et
166 834 375 903 uestibulum
405 835 501 900 'uxta
517 834 607 899 olion
629 835 772 923 eoquod
785 836 940 920 januam
953 834 1102 915 vestiat,
1121 853 1250 898 secun·

114 920 199 986 dum
218 921 308 984 alios
329 943 352 983 a
379 859 493 1008 desta
511 921 613 1006 (uam
637 918 679 987 V
673 930 767 985 eatae
786 918 891 983 limen
906 927 1147 983 consecratum
1167 913 1279 1011 eotljl·

7 1005 12 1014 “
114 1015 172 1083 at,
198 1015 239 1070 ut
266 1004 335 1069 alii
366 1003 504 1084 uolunt,
537 1003 627 1092 quod
656 1003 732 1068 illio
762 1002 882 1070 nullus
903 1011 992 1077 ster,
1026 1002 1250 1067 dictumest.

116 1087 294 1171 Quomodo
316 1088 409 1154 euim
441 1111 586 1169 veranus
615 1111 680 1154 non
700 1111 824 1162 sonus,
856 1088 907 1152 oia
933 1085 1165 1167 vestibulum,
1192 1085 1257 1149 iu·-

75 1173 261 1260 1oquiuut,
297 1175 399 1262 quasi
434 1195 497 1239 non
529 1172 706 1240 stabulum
739 1173 893 1251 diuitum
926 1171 1123 1236 ialimine
1155 1168 1275 1234 enim'

115 1256 209 1321 solus
224 1269 279 1327 ⁴est
299 1259 485 1324 transitus.
528 1258 600 1324 Utri
629 1272 735 1327 autem
764 1259 847 1348 parti
870 1254 1040 1322 favendum
1070 1256 1130 1336 sit,
1153 1255 1247 1344 juxto

107 1343 363 1410 .oontrorersiam
400 1341 442 1410 de
477 1341 648 1412 ¹¹contrariis
686 1344 820 1432 legibus.
846 1342 989 1430 relinquo
1022 1341 1244 1408 ventilandum.
1272 1366 1279 1399 ·.

31 1506 35 1513 ἱ
113 1427 214 1494 Pater
236 1430 331 1495 etiarn
351 1427 425 1496 lio'et
446 1428 739 1501 omniumdeorum
760 1430 876 1496 nomen
899 1429 940 1496 sit
954 1426 1121 1516 generale,
1141 1437 1245 1493 tamen

2 1532 24 1556 τ’
114 1514 242 1602 proprie
262 1515 381 1581 Libero
402 1536 529 1603 semper
557 1516 726 1597 cobaeret3
764 1539 838 1582 nam
858 1514 958 1580 Liber
985 1522 1081 1601 pater
1108 1523 1274 1579 aoraton·

73 1616 109 1668 lo
117 1599 290 1667 Sciendum
311 1615 434 1681 tamen,
456 1618 516 1688 pro
537 1603 686 1689 qualitate
707 1616 815 1669 rerum
834 1599 883 1665 vel
902 1620 1135 1687 personarum,
1164 1620 1243 1662 surn-
1268 1632 1271 1637 ·

76 1754 79 1762 ,
115 1708 201 1761 muru
224 1682 320 1751 deum
343 1686 405 1753 dici
426 1688 473 1751 rel
502 1696 635 1773 patrem.
686 1688 853 1755 Summum
876 1686 958 1751 enirn
985 1684 1124 1774 quisque
1152 1683 1244 1749 deum
1264 1726 1279 1763 ,2

114 1780 224 1849 vocat,
246 1794 342 1858 quem
363 1772 535 1860 praecipue
557 1784 733 1840 veneratur.
775 1771 859 1840 Inde
878 1781 943 1837 est:
998 1820 1000 1825 -
1220 1778 1223 1786 ‘
1276 1788 1279 1855 ζ

114 1872 117 1879 ’
202 1858 341 1920 Summe
361 1853 462 1920 dedm
483 1859 600 1921 soracti
620 1869 734 1922 custos
758 1856 914 1924 Soractis
934 1853 1074 1943 Apella.
1098 1906 1106 1927 ,
1190 1868 1200 1889 ‘

51 2000 58 2008 .
92 1939 251 2029 Proprie
273 1952 378 2008 tannen
402 1939 464 2005 boe
486 1940 648 2028 epitheton
671 1944 743 2010 Jori
763 1941 874 2010 datum
896 1950 961 2018 est,
994 1949 1049 2006 ut:
1266 1946 1279 2025 ,ξ

72 2039 109 2089 2⁰
202 2018 303 2092 Nate*
342 2025 444 2098 ,atria
472 2029 618 2104 suurmi,
650 2028 710 2116 qui
731 2028 802 2094 tela
833 2025 994 2114 Typhoeo
1022 2025 1165 2101 terranis,
1266 2028 1279 2091 'l

116 2111 200 2179 Sunt
236 2123 269 2176 et
306 2048 366 2175 alia
397 2110 489 2199 bujus
523 2123 555 2178 et
577 2113 737 2195 ¹aliorum,
779 2110 972 2199 dequibus
1008 2109 1148 2203 egimus,
1170 2107 1242 2175 deo·

115 2218 187 2262 rum
215 2195 388 2279 voeabula,
418 2196 460 2261 tle
489 2197 603 2284 quibus
629 2198 846 2266 authenticam
867 2217 930 2262 non
958 2194 1024 2281 legi
1047 2197 1245 2285 scripturam

26 2282 32 2293 “
117 2279 214 2355 Quod
236 2282 318 2348 enim
340 2281 459 2347 Libero
481 2281 667 2361 adhibetur,
689 2295 725 2351 ut
751 2283 889 2353 Iacchus
912 2280 1058 2362 dicatur,
1090 2283 1139 2346 vel
1161 2278 1242 2371 quod

117 2367 214 2433 Erine
235 2377 435 2454 nuncupetur
455 2365 560 2455 (quod
581 2364 705 2434 bonum
724 2391 871 2456 puerum
890 2367 1092 2454 interpretari
1107 2365 1243 2447 dieunt),

16 2526 19 2531 ,
74 2453 200 2520 saitem·
214 2452 302 2540 quod
322 2454 453 2521 Briseus
475 2455 667 2542 appelletur,
686 2451 720 2519 id
742 2464 792 2522 est
811 2453 1025 2540 exprimens,
1050 2452 1127 2540 quia
1148 2453 1241 2519 Liber

116 2540 235 2626 primus
265 2540 439 2604 nnuman
469 2560 542 2621 uva,
560 2541 769 2627 expresserit,
805 2537 856 2603 lau
887 2538 1073 2612 ab'ubere,
1113 2524 1176 2604 mel
1204 2537 1240 2602 do

117 2627 189 2689 lavo
219 2625 286 2710 (rel
309 2625 440 2713 Bpiseus
477 2636 528 2690 est
547 2625 723 2706 hirsutum
746 2646 832 2691 nam
854 2633 886 2690 et
906 2623 986 2689 duas
1003 2623 1038 2686 in·
1058 2622 1239 2692 Graeoiois

98 2711 219 2795 ¹fertur
255 2711 403 2791 habuisse
435 2720 572 2789 statuas,
612 2709 743 2778 alteram
768 2710 944 2775 hirsutam
982 2707 1102 2775 dietam
1131 2707 1238 2785 Brisei,

54 2793 79 2879 ’ς
105 2796 248 2861 ‘alteram
277 2795 387 2878 leuem
417 2794 713 2883 dietam,lneoaei);
744 2795 794 2861 vel
815 2793 902 2881 quod
919 2793 1096 2861 Bassareus
1117 2818 1138 2862 a
1160 2805 1238 2863 vesu

76 2881 186 2969 aoeJus
206 2903 244 2945 us
268 2902 308 2944 ue
329 2878 371 2945 ad
390 2879 488 2966 pedes
511 2879 647 2947 demissa
664 2890 812 2961 vocetur,
834 2880 919 2948 dieta
941 2903 961 2946 a
982 2880 1113 2945 norniue‘
1130 2879 1192 2947 looi
1209 2880 1258 2961 iu¹

118 2964 223 3055 Lydio
233 2904 286 3029 ubi
301 2966 400 3032 tiebat
409 2964 514 3118 {pudo
524 2978 556 3032 et
567 2967 655 3054 ipsae
669 2966 829 3034 ministrae
844 2965 1029 3032 Bassaridas
1043 2975 1237 3056 nuncupatae

38 3130 40 3137 Ι
119 3051 308 3140 putantur),
345 3062 382 3117 ut
447 3051 582 3120 oratius:
630 3052 787 3119 Candide
819 3051 1016 3132 Bassareu3
1038 3063 1071 3118 et
1093 3052 1200 3119 Neror
1262 3058 1266 3065 '

37 3204 40 3208 ,
198 3132 387 3216 'Basso-is,
425 3148 460 3201 et
487 3139 624 3226 Lyrae,
655 3139 803 3202 Maenas
820 3135 964 3226 flexura
991 3136 1184 3225 corymbio3

25 3303 27 3307 ι
70 3250 76 3265 ’
121 3219 203 3287 baec
225 3221 299 3307 quio
319 3220 351 3285 in
372 3223 561 3290 authenticis
584 3244 645 3288 non
666 3224 792 3310 repperi
819 3219 1026 3301 editionibus,
1055 3221 1106 3288 vel
1134 3222 1261 3310 vulga·¹

72 3307 187 3386 'oar-ia,
209 3307 258 3372 vel
277 3309 399 3373 temere
421 3307 602 3395 adinvento,
636 3307 685 3374 vel
706 3308 806 3388 falsa,
839 3308 889 3374 rel
910 3302 1094 3411 apocrypb'a
1117 3307 1203 3375 duxi.

205 3389 236 3457 3.
277 3390 375 3460 Ind'os
396 3393 445 3459 rel
468 3395 510 3460 ob
532 3395 595 3461 boo
619 3394 712 3484 juata
740 3394 948 3481 Fulgentium
978 3394 1095 3460 dieitur
1122 3395 1238 3471 nourr,

29 3523 33 3532 1
121 3475 209 3564 quod
233 3478 280 3543 sol
302 3501 358 3544 eos
379 3477 455 3547 facit
488 3492 670 3567 potatores,
703 3480 752 3545 vel
772 3479 860 3583 quod
881 3480 934 3547 bie
953 3481 990 3548 fit
1009 3480 1182 3549 Falernum
1199 3477 1245 3545 ri·

119 3583 196 3628 uum
224 3562 274 3629 vel
305 3564 531 3648 Mareoticum
563 3566 669 3656 eujus,
703 3565 820 3655 inqurt,
850 3565 911 3633 vini
942 3565 1028 3634 lauta
1055 3567 1154 3635 virtus
1183 3573 1238 3641 est,

121 3658 158 3714 ut
183 3647 233 3715 vix
246 3707 247 3717 ,
260 3648 390 3735 quilibet
425 3652 550 3720 vinosus
586 3652 758 3721 sextarium
795 3653 828 3719 in
865 3675 975 3722 menso
1008 3652 1113 3723 totum
1149 3650 1244 3720 bibat.-

80 3732 218 3799 ooUnde
238 3734 408 3802 Lucanus:

169 3824 173 3830 ’
208 3819 424 3885 Indomitum
451 3821 574 3886 Meroe'
597 3842 722 3908 cogens
749 3845 912 3909 spumare
940 3821 1145 3891 Falernum.

122 3901 241 3989 Neque
269 3906 351 3972 enim
377 3928 459 3993 aqua
480 3929 575 3993 posse
603 3904 725 3972 domari
748 3909 878 3974 dieitur,
914 3907 1053 3995 Legitur
1074 3921 1108 3976 et
1128 3909 1160 3974 in
1179 3905 1246 3973 bis-¹

124 3987 225 4069 toria,
256 3991 345 4076 quod
366 3993 448 4059 siout
471 3990 556 4078 apud
578 3992 751 4081 Aegyptios
777 3995 879 4061 Osiris
901 3998 1031 4061 maritus
1053 3993 1163 4073 Isidis,
1196 3992 1246 4060 sto

125 4071 210 4159 opud
233 4072 330 4141 Indos
352 4075 470 4157 Liber,
498 4098 594 4163 quum
611 4082 660 4143 'do
678 4080 715 4145 iis
735 4079 828 4147 trium
853 4082 976 4158 basset,
1004 4102 1097 4146 usum
1118 4082 1249 4163 iuvene:¹

77 4159 165 4226 aurit
196 4160 365 4227 vinearum.
420 4167 445 4228 Α
475 4162 607 4228 Marone
647 4165 781 4233 nutritus
813 4105 948 4242 dcitur,
984 4167 1074 4254 quasi
1102 4166 1237 4232 Merene.

108 4242 206 4313 Mero
230 4250 316 4323 eninr
339 4248 499 4321 nutritor
522 4247 737 4321 'vinolentiae
771 4250 896 4321 dieitur.
938 4253 976 4320 ln
997 4252 1134 4338 tigribus
1155 4248 1239 4319 sedet
