2684 4606
144 182 227 260 eto
403 184 585 286 aranon.
615 185 687 258 ιιι.
741 183 782 259 a.
838 158 1081 260 ιι--ιιιΙ

235 368 286 441 17,
330 365 426 440 Quod
446 389 521 432 rero
543 367 669 455 Apollo,
704 367 866 434 dirimtate
899 368 941 431 oh
963 366 1089 433 occisos
1124 346 1316 456 Cyclopas*

139 530 142 534 .
187 454 317 525 oliatus.
357 451 480 519 Admeti
513 476 633 540 pecora
653 448 775 542 paverit
796 452 902 539 (unde
933 465 967 519 et
983 454 1078 542 juxta
1098 452 1249 518 Serrium
1268 474 1300 516 a.

163 563 260 607 traco
282 532 419 625 νόμοις,
440 537 473 602 id
498 553 546 606 est
567 563 586 605 a
604 540 766 627 pose-nis,
794 533 916 624 uiperae
938 538 1135 626 appellatur)
1157 537 1287 626 physica

152 627 275 693 ratione
297 625 405 690 lictum
428 622 560 691 videtur.
615 624 672 691 Sol
702 624 784 690 enim
808 624 923 689 herhas
945 636 978 690 et
999 625 1105 690 ornrria
1135 620 1287 710 pecorum
1310 638 1320 659 '¹

127 711 299 785 polimenta
329 709 484 796 producit
544 710 660 777 Potest
694 723 800 777 tamen
831 708 1007 774 secundum
1037 709 1178 775 eundem
1211 704 1286 776 eth

152 802 197 886 api
219 798 312 882 νόμῳ
336 796 369 860 id
392 808 441 861 est
462 818 481 860 a
503 795 580 883 lege
601 795 810 871 chordarum
833 796 895 860 hoc
915 795 1103 861 vocabulum
1125 795 1286 861 meruisse.

149 881 247 958 Quod
267 892 373 947 autem
396 879 655 959 deaceterins,
685 879 719 945 id
740 891 793 946 est
817 880 960 967 agilitas,
982 880 1056 946 solis
1079 880 1143 947 lilia
1165 866 1287 960 dicitur,

150 968 215 1034 sire
237 966 313 1031 inde
333 968 444 1033 lictum
465 979 532 1042 est,
565 965 653 1054 quod
681 965 755 1031 nihil
776 966 943 1053 corporale
964 968 1031 1031 sole
1063 980 1114 1035 est
1136 965 1287 1047 celerius3
1314 964 1317 969 ’

149 1054 215 1120 sire
254 1050 342 1140 quod
378 1053 484 1117 serunt
516 1052 730 1118 mathematici
768 1051 842 1118 solis
877 1052 1119 1119 constellatione
1162 1052 1286 1118 alllator

109 1161 145 1209 to
174 1138 302 1207 ulchros
336 1148 368 1203 et
398 1137 519 1203 celeres
540 1138 627 1219 lore.
682 1136 883 1226 Lampadem
919 1138 980 1203 lert
1010 1138 1143 1225 Apollo,
1175 1136 1211 1201 id
1243 1146 1287 1202 est

49 1244 52 1254 ¹
151 1163 272 1304 lacem,
309 1246 382 1291 cnm
412 1245 477 1310 qua
500 1223 558 1288 Sol
580 1221 741 1310 pingitur,
782 1229 900 1311 etqua
929 1221 1082 1290 mnndum
1115 1223 1287 1289 illuminare

32 1315 36 1325 ’
149 1323 289 1399 putatur.
352 1309 482 1375 Crinem
518 1309 549 1373 in
581 1310 668 1376 sonte
702 1308 844 1375 Castalio
871 1309 978 1375 lavare
1006 1307 1124 1391 dieitur
1161 1309 1314 1395 (reseras

91 1422 106 1459 ·:
150 1408 258 1463 eutem
284 1394 387 1460 locum
431 1395 527 1462 etiam
567 1394 653 1462 illum
700 1394 900 1482 incoluerunt
936 1392 1117 1483 sapientes,
1141 1405 1287 1460 -secreta

31 1512 40 1547 .·
173 1481 370 1570 hilosophiae
392 1493 424 1545 et
443 1478 601 1548 occultam
623 1479 812 1569 sapientiam
833 1479 1091 1568 perscrutantes)
1122 1477 1188 1546 hac
1208 1478 1286 1547 simi·
1320 1482 1324 1491 “

109 1506 302 1646 tahtudine,
348 1566 399 1632 uia
423 1567 526 1632 crines
549 1565 665 1632 collum
687 1564 857 1633 occultant.
912 1566 978 1631 Pro
1000 1565 1140 1631 humana
1160 1584 1287 1653 quoque

150 1676 230 1720 voce
250 1656 276 1720 A
300 1590 380 1732 ullo,
417 1663 458 1720 ut·
479 1649 632 1731 diximus,
666 1674 901 1740 nonnumquam
922 1651 1085 1738 accipitur.
1142 1649 1240 1717 Unde
1258 1660 1287 1725 et

148 1762 262 1805 novem
277 1675 397 1804 hlasae
421 1738 451 1803 ei
480 1737 554 1803 ideo
584 1736 798 1826 applicantur,
828 1737 916 1825 quod
944 1733 1123 1805 secundum
1154 1736 1286 1825 philoso-

147 1826 229 1913 phos
265 1847 349 1912 qnae
378 1844 488 1890 vocem
520 1823 691 1890 humanam
729 1836 919 1912 operantur,
954 1844 1069 1888 norem
1099 1834 1197 1903 sunt3
1227 1819 1307 1887 due.

138 1910 294 1979 ‚videlicet
312 1910 413 1987 labia,
447 1920 586 1996 quatuor
615 1908 745 1985 dentes,
778 1908 935 1997 plectrum
962 1907 1112 1995 linguae,
1180 1906 1314 1983 umoris,

106 1997 287 2074 autoritas,
319 1993 474 2084 pulmonis
496 1995 660 2073 anhelitus.
712 1994 748 2061 Si
769 1995 852 2062 enim
873 2019 912 2061 ex
935 1994 982 2061 his
1004 1990 1121 2080 aliquid
1168 1991 1306 2073 eloah..

149 2105 208 2148 vox
232 2082 377 2168 perlecta
400 2101 462 2144 non
486 2081 554 2148 erit.
1146 2146 1152 2161 ‚

237 2169 286 2233 18.
338 2165 530 2252 Fulgentius
565 2176 675 2249 tamen,
704 2189 817 2236 norem
851 2167 964 2236 Musas
994 2166 1161 2235 dictrinae
1198 2160 1286 2250 atque

149 2253 299 2318 scientiae
322 2250 434 2317 modos
456 2251 610 2338 appellat,
632 2262 665 2319 et
685 2253 862 2322 secundnm
883 2254 1110 2321 vocabulorum
1138 2251 1285 2336 interpre-

148 2327 285 2406 tationes
306 2339 380 2404 satis
402 2337 439 2402 iis
460 2360 520 2403 con
549 2359 638 2403 ruum
663 2340 804 2406 ordinem
828 2340 980 2428 assignat.
1023 2339 1151 2415 Prima,
1184 2333 1286 2422 inquil»

106 2444 142 2492 25
151 2424 221 2490 Clio
245 2424 391 2512 ponitur,
415 2360 621 2510 quaefacta
642 2423 878 2514 interpretatur.
923 2427 1035 2492 Nullus
1057 2425 1159 2500 enim,
1182 2420 1286 2509 inquit,

134 2511 312 2578 scientiam
337 2509 479 2597 quaerit,
511 2509 570 2575 nisi
601 2510 655 2595 qui
685 2510 790 2577 lamae
820 2535 898 2580 suae
930 2512 1065 2600 protelet
1093 2507 1285 2606 dignitatem.
1305 2514 1313 2573 .'

149 2595 227 2661 ldeo
247 2596 345 2682 igitur
368 2595 469 2681 prima
491 2609 540 2662 est
562 2594 633 2659 Clio
655 2597 827 2684 appellata,
862 2597 894 2664 id
919 2608 969 2665 est
994 2596 1164 2683 cogitatae
1184 2612 1287 2678 qaae·-

150 2682 279 2747 rendae
300 2681 478 2744 scientiae.
530 2678 714 2747 Secundam
736 2682 900 2771 Euterpen
927 2682 1077 2759 dicimus,
1106 2699 1192 2767 quae
1212 2673 1314 2740 bene·

149 2765 325 2829 ‹letes-tarro
352 2765 597 2853 interpretatur;
632 2776 668 2830 ut
688 2767 729 2834 sit
753 2769 886 2855 primum
909 2769 1003 2848 velle,
1034 2762 1212 2833 secundnm
1236 2757 1288 2825 de·

109 2851 261 2921 aelectari
280 2851 309 2914 in
336 2873 374 2913 eo
397 2854 483 2937 quod
508 2850 590 2915 velis.
644 2851 757 2920 'tertia
789 2853 990 2942 Melpomene
1017 2852 1150 2930 dicitur,
1183 2846 1217 2913 id
1243 2854 1314 2925 est,

149 2936 412 3017 meditationem¹
428 2935 569 3019 jaciens
581 2959 591 3011 ;
612 2940 650 3003 'ut
674 2939 713 3005 sit
733 2940 869 3027 primum
893 2939 986 3017 velle,
1009 2937 1188 3005 secundum
1210 2930 1306 2998 desi-s

151 3020 265 3085 derare
292 3018 379 3107 quod
409 3018 504 3094 velis,
540 3019 668 3086 tertium
697 3024 816 3093 instare
846 3025 1030 3092 meditando
1064 3021 1107 3088 ad
1136 3019 1172 3088 id
1206 3012 1323 3107 qnod'j

150 3107 233 3172 velis.
277 3107 400 3178 Quarta
423 3103 555 3183 Thalia,
578 3105 610 3170 id
627 3112 682 3175 'est
702 3111 883 3198 eaptivitas
904 3113 951 3176 vel
969 3131 1099 3197 paneas
1118 3104 1293 3196 germina·
1317 3128 1321 3141 ·

35 3212 40 3219 “
152 3193 271 3266 Quinta
289 3189 474 3279 Polymnia,
502 3189 536 3254 id
557 3203 606 3258 est
626 3193 777 3259 mrtltam
798 3197 1007 3262 memoriam
1013 3192 1169 3282 faciens.
1216 3188 1244 3255 P
1305 3214 1324 3229 ³

110 3276 365 3363 aseapac‘itatem
386 3275 468 3340 enim
489 3279 672 3365 necessaria
694 3292 744 3348 est
763 3283 924 3348 memoria.
979 3281 1081 3347 Sexta
1108 3277 1230 3355 Erato,
1261 3272 1272 3339 i
1302 3276 1312 3329 ’τ

152 3374 202 3430 est
222 3361 402 3425 inveniens
423 3361 546 3447 sintita
602 3364 684 3432 Post
711 3388 750 3432 ca
774 3368 923 3435 aeitatem
942 3366 1025 3433 enhn
1048 3374 1081 3431 et
1109 3360 1316 3441 memoriam'z

152 3444 286 3514 discenti
307 3444 503 3512 utilissimum
525 3459 607 3527 ests
628 3463 663 3517 ut
695 3464 726 3518 et
750 3389 791 3518 de
810 3476 869 3519 suo
890 3449 1006 3539 aliquid
1028 3447 1128 3516 simile
1148 3446 1314 3515 inventura

152 3532 296 3622 Septima
316 3531 552 3618 Terpsichore,
583 3534 689 3602 idest
721 3537 895 3603 delectans
916 3535 1160 3602 instructione.
1215 3532 1308 3601 Pom

151 3619 362 3686 inventionem
385 3617 468 3684 enim
489 3618 673 3687 discernere
701 3634 829 3709 oportet
845 3637 878 3691 et
899 3620 1076 3709 dijudicare
1122 3618 1190 3685 uod
1209 3618 1296 3685 iure·
1309 3662 1316 3681 ι.

112 3706 247 3783 toneris.
293 3703 412 3770 Urania
434 3715 565 3785 octava,
588 3705 622 3773 id
643 3721 693 3774 est
714 3709 882 3775 caelestis,
936 3708 1017 3775 Post
1038 3703 1103 3789 diiu
1126 3704 1300 3774 'canonem

155 3791 239 3857 enim
277 3790 354 3878 quid
380 3789 469 3855 dicas
498 3803 532 3856 et
558 3791 635 3879 quid
660 3791 825 3881 despicias
862 3796 963 3882 eligis.
1023 3791 1158 3877 Eligere
1188 3802 1296 3858 autem

155 3877 245 3955 utile,
276 3878 498 3961 caducumque
519 3874 704 3964 despicere,
741 3882 878 3947 caeleste
899 3877 1062 3966 ingenium
1084 3888 1142 3943 est
1201 3876 1316 3943 Nona-'J

156 3963 312 4051 Calliope,
334 3960 364 4027 id
390 3970 439 4025 est
459 3960 609 4045 optimae
630 3965 730 4030 vocis.
773 3968 866 4053 Ergo
889 3967 940 4031 hie
963 3965 1022 4031 erit
1041 3961 1138 4028 ordo:
1162 3962 1285 4048 primun

156 4064 222 4126 est,
253 4048 328 4113 velle
351 4043 546 4127 doctrinam
577 4048 771 4129 secundum,
806 4052 956 4118 delectari
980 4052 1010 4116 in
1034 4072 1073 4114 eo
1094 4047 1182 4135 quod
1205 4046 1295 4123 velis,

114 4135 299 4207 cistertium,
329 4130 369 4194 ad
391 4128 423 4194 id
448 4129 534 4214 quod
556 4131 785 4205 desideraveris
806 4152 837 4206 et
859 4139 889 4202 in
911 4160 974 4227 quo
998 4132 1177 4201 delectatus
1200 4134 1305 4203 literis.

141 4228 397 4305 pomereraater
422 4214 560 4301 instare;
581 4224 758 4310 'quartum
790 4224 821 4291 id
853 4244 969 4313 capere
998 4219 1038 4286 ad
1068 4219 1155 4309 quod
1179 4217 1295 4301 instas;

1229 4456 1265 4521 ',
1313 4462 1330 4515 'l

1295 4522 1330 4565 -ι
