2684 4606
109 168 188 245 aaa
278 162 324 225 -'
439 166 724 283 nyasgsm.
780 171 819 247 7.
857 171 931 247 a:
1055 127 1059 143 ’
1171 116 1195 131 ”

110 351 250 420 dicimus·
273 353 340 420 sire
365 354 440 442 qnia
467 365 540 443 post
567 356 721 422 sationem
758 354 946 422 tantundem
974 355 1129 445 temporis
1155 354 1249 446 quasi
1282 406 1285 413 -

21 454 44 489 ·-·-·
68 439 209 529 -flatent
239 439 387 525 gramma
416 440 600 529 priusquam
634 441 756 509 fructus
775 441 972 529 producant,
1003 445 1069 509 sire
1090 441 1187 530 qnia,
1217 452 1250 509 nt

111 522 190 592 dicit
211 526 360 604 Servius,
398 525 475 613 ipsa¹
498 539 548 594 cst
575 526 688 592 eadem
724 549 809 614 quae
840 538 873 596 et
902 527 1017 607 Luna,
1063 550 1147 617 quae
1182 538 1276 613 tnto‘¹

114 624 199 675 anno
224 610 267 675 Vl
291 611 453 677 mensibus
474 611 608 691 crescit,
643 612 689 678 VI
712 610 837 693 deficit,
864 623 898 679 ut
919 612 1141 700 persingulas
1163 632 1249 679 men·-
1278 660 1282 673 .

91 713 184 762 ases-
202 693 314 784 diebus
350 695 516 783 quindenis
554 718 704 763 crescens
737 696 824 784 apud
862 719 1015 784 superos,
1055 697 1250 765 decrescens

114 778 202 869 apud
220 780 340 846 inferos
354 803 426 847 esse
448 770 609 863 videatur;
630 783 705 860 sire,
724 794 760 849 ut
784 783 829 849 ait
843 783 1044 870 Fulgentius,
1066 784 1142 850 ideo
1164 783 1250 872 apud

114 866 233 932 interos
257 877 289 932 et
309 889 442 953 superos
464 870 574 955 aequis
596 869 704 956 spatiis
725 868 968 956 Proserpinam,
982 869 1022 935 .id
1045 881 1095 936 est
1114 870 1252 945 Lunam,

116 952 287 1030 collocant,
310 951 396 1040 qnod
419 952 471 1018 die
492 954 606 1033 lateat,
636 966 731 1021 nocte
748 952 871 1035 luceat,
904 956 1016 1043 sicque
1037 977 1157 1023 annum
1171 978 1252 1021 cnm

111 1037 183 1105 ¹sole
212 1036 303 1125 quasi
330 1035 496 1104 dimidiare
523 1049 670 1127 putetur;
710 1038 776 1104 sire
806 1038 879 1113 ideo
922 1039 1009 1129 apud
1035 1040 1158 1106 inferas
1193 1052 1252 1121 est,
1281 1052 1284 1061 '

76 1121 208 1210 nequod
235 1122 412 1191 secandam
451 1124 630 1211 astrologos
658 1123 754 1190 stellis
783 1126 929 1192 omnibus
958 1124 1105 1192 humilior
1131 1139 1251 1206 currat,
1285 1130 1294 1207 ,¹

116 1220 149 1275 et
170 1209 261 1275 terris
284 1208 417 1310 praesit,
458 1223 492 1276 et
520 1210 685 1277 humorem
712 1210 809 1287 rebus
841 1211 1058 1292 administret,
1102 1209 1189 1279 aden
1211 1223 1253 1301 *ut
1282 1212 1286 1221 '

115 1295 184 1383 ejas
216 1292 406 1369 detrimenta
438 1305 471 1362 et
504 1308 676 1382 augmenta
711 1316 775 1360 non
811 1296 913 1368 solum
939 1297 970 1362 in
999 1310 1087 1366 terra
1118 1295 1252 1385 lapides,
1289 1320 1294 1367 t

115 1378 174 1449 sed
207 1391 239 1447 et
268 1379 473 1454 animantium
513 1383 662 1461 cerebra,
702 1393 736 1446 et
768 1380 855 1469 quad
894 1381 998 1468 magis
1038 1382 1152 1448 mirum
1195 1394 1249 1463 est,
1280 1370 1294 1455 *l

116 1466 211 1539 etiarn
240 1463 409 1532 lactamina
447 1467 603 1545 sentiant,
642 1465 785 1554 quaein
814 1468 908 1533 lunae
942 1468 1113 1536 crementis
1150 1467 1253 1559 ejecta
1292 1474 1294 1479 '

77 1550 305 1621 tararmiculos
334 1550 433 1618 bortis
463 1552 652 1641 parturiunt
704 1550 800 1638 Ipsae
829 1553 923 1639 etiam
951 1553 1132 1624 animalium
1159 1555 1252 1620 arbo
1286 1562 1294 1637 l

118 1659 252 1724 rumque
273 1634 429 1708 medullae
451 1637 666 1724 cochleaeque
686 1636 826 1711 marinae
847 1649 880 1706 et
898 1638 959 1714 alia
976 1660 1040 1719 nan
1062 1660 1171 1726 pauca
1198 1659 1253 1727 per
1287 1644 1294 1727 a}

116 1722 239 1791 luminis
260 1721 328 1810 ejus
349 1745 515 1794 accessum
546 1735 579 1789 et
606 1744 768 1794 recessum
796 1721 986 1795 detrimenta
1014 1734 1048 1791 et
1078 1737 1254 1812 augmenta
1280 1732 1294 1781 ·='

118 1808 181 1896 pati
215 1807 438 1883 existimantur.
491 1807 626 1874 Dianam
662 1820 790 1895 quoque
830 1808 966 1875 eandem
1002 1809 1033 1874 in
1070 1810 1253 1877 nemoribus
1281 1786 1294 1895 l

17 1964 22 1986 ,
118 1894 242 1971 volunt,
292 1892 379 1978 quod
408 1893 559 1963 arborum
587 1905 620 1960 et
654 1894 827 1959 herbarum
863 1894 948 1960 sucis
985 1917 1026 1960 ex
1052 1894 1251 1974 humiditate,
1287 1906 1294 1985 ξ

76 2001 215 2065 anquam
234 1975 410 2046 secundnm
439 1978 481 2065 pb
503 1980 587 2046 sicas
615 2000 654 2062 ex
675 2001 711 2044 se
740 1976 893 2061 demittit,
932 1979 1022 2050 simili
1051 1978 1152 2047 moda
1186 1990 1252 2049 cre·
1277 1992 1294 2045 't

119 2075 242 2149 monta·
257 2062 406 2134 inculcet
479 2064 663 2136 'emoribas
685 2063 781 2130 etiam
811 2087 963 2152 praeesse
994 2065 1129 2145 dicitur,
1168 2062 1282 2155 qnod]

118 2149 217 2217 amnis
250 2149 374 2215 venatio
403 2150 501 2215 uncta
533 2149 668 2214 manime
695 2160 867 2251 pascatur,
910 2150 964 2217 die
993 2173 1070 2217 rero
1108 2150 1253 2221 dormiat.

117 2235 197 2300 Ideo
219 2244 325 2306 antem
354 2235 479 2307 Lunam
510 2233 598 2301 dian
621 2233 744 2301 'Pullras
772 2234 910 2308 Dianam
943 2238 1142 2325 nuncupari,
1204 2237 1276 2303 aia·

30 2334 68 2369 2⁴-
119 2333 214 2395 nocta
239 2320 330 2409 quasi
351 2319 434 2393 diem
457 2319 594 2399 efficiat;
625 2318 699 2386 idea
729 2331 835 2388 antem
860 2319 1002 2389 eam'ad
1029 2336 1185 2410 pertusa
1229 2322 1238 2342 '

76 2406 204 2487 2⁶beri,
239 2403 327 2558 qnod
362 2406 393 2472 hi
429 2416 484 2477 aut
504 2406 566 2474 VII
585 2428 839 2495 nonnumquam,
879 2418 937 2475 aut
969 2428 1046 2474 rero
1067 2406 1252 2510 plerumque

118 2514 230 2559 novem
261 2514 343 2557 unae
365 2492 508 2564 cursibus
532 2503 762 2574 maturescant;
796 2492 851 2579 qui
880 2514 993 2560 cursus
1025 2514 1101 2582 quaa
1121 2514 1252 2575 merram

1 2611 2 2630 κ
117 2578 233 2667 inquit,
270 2577 373 2729 slpatia
395 2578 581 2658 conficiant,
613 2600 745 2643 menaea
775 2577 983 2649 nominantur.

203 2663 232 2730 3.
309 2686 383 2733 arro
404 2663 635 2753 Endymionem
658 2672 820 2750 pastorem
838 2665 900 2731 „ab
924 2665 988 2735 hoc
1011 2661 1250 2730 Luna'amesse

118 2750 269 2836 fingitur,
300 2749 386 2837 quad
409 2750 460 2815 bic
479 2751 600 2837 primus
620 2769 748 2813 cursum
779 2748 871 2822 lunae
902 2748 1131 2838 deprehendit;
1171 2746 1251 2815 ande
1277 2750 1280 2757 '

75 2844 152 2909 δῦθι
182 2834 276 2902 XXX
324 2858 422 2901 annos
453 2857 528 2900 cum
554 2833 603 2899 illa
631 2832 747 2899 dicitur
779 2833 952 2914 dormisse,
988 2856 1068 2922 quas
1095 2834 1127 2899 in
1162 2833 1249 2924 bajus
1276 2854 1281 2865 ·

56 2986 59 2991 ,
117 2924 164 2994 rei
198 2921 398 3008 inquisitione
433 2920 614 2986 consumsit
671 2917 746 2984 Sive
776 2917 851 2986 idea
879 2920 1016 3008 pastoris
1043 2918 1250 3009 Endymionis

118 3029 228 3075 amore
260 3006 360 3072 lertar
388 3005 520 3084 arsisse,
551 3002 813 3094 quod-nocturni
837 3007 917 3071 roris
948 3005 1079 3084 lrnmnr,
1117 3024 1280 3094 querna¹

118 3094 191 3169 lana
214 3092 315 3158 creari
338 3092 434 3182 ajunt,
455 3089 630 3164 animandis
651 3089 822 3162 herbarum
843 3092 929 3157 sucis
951 3091 1085 3168 inlusus,
1108 3104 1252 3178 pastora-

118 3180 196 3253 libus
219 3177 385 3265 plurimnm
405 3177 506 3265 prosit
529 3176 739 3255 successibus.
783 3177 893 3243 Habet
914 3176 1031 3255 labala,
1059 3177 1252 3243 Actaeonem

89 3264 262 3330 sabianam
285 3287 321 3329 se
342 3263 497 3328 lavantem
518 3262 650 3343 vidisse,
684 3273 716 3331 et
738 3265 778 3329 ab
801 3286 839 3330 ea
860 3262 891 3327 in
913 3284 1042 3329 cerrum
1065 3280 1253 3330 conversum

118 3373 204 3430 esse,
228 3360 260 3415 et
281 3371 301 3415 a
323 3349 453 3414 canibus
475 3348 551 3426 suis,
573 3372 647 3414 eum
668 3370 730 3422 non
753 3349 1013 3435 agnascentibus,
1037 3345 1252 3417 dilaceratam·

32 3446 35 3451 '
117 3436 233 3502 Refert
255 3448 361 3503 tamen
382 3433 591 3500 Anaximenes
626 3434 659 3498 in
680 3433 759 3500 libro
767 3473 782 3514 ,1
809 3456 873 3520 quo
895 3433 937 3499 de
957 3432 1091 3522 picturis
1120 3432 1185 3503 anti
1208 3430 1253 3499 uis

117 3521 284 3597 disseruit,
328 3523 521 3587 Actaeonem
554 3519 754 3586 renationem
783 3519 950 3607 plurimum
982 3518 1141 3587 dilexisse.
1222 3516 1254 3583 ni

68 3598 75 3611 '
117 3631 215 3694 quum
251 3606 292 3677 ad
325 3617 481 3673 maturam
513 3605 707 3694 pervenisset
734 3618 888 3684 aetatem,
924 3603 1134 3679 consideratis
1161 3614 1261 3669 rena·

76 3696 238 3761 sationum
269 3691 434 3782 periculis,
478 3692 568 3779 quasi
594 3689 713 3762 nudam
743 3691 819 3757 artis
843 3712 923 3757 suae
951 3691 1106 3758 rationem
1135 3689 1254 3767 ridens,

118 3779 246 3852 timidas
270 3780 373 3856 factus
405 3786 455 3849 est
491 3789 525 3846 et
546 3775 637 3865 qnasi
660 3798 718 3841 cor
738 3776 823 3842 cerri
840 3776 972 3843 habens.
1014 3774 1112 3840 Unde
1132 3776 1254 3849 Home·

118 3886 189 3929 r'rrs:
233 3865 393 3941 Ebricse,
424 3861 538 3926 oerrloa
566 3861 665 3929 canis
698 3860 845 3940 babeas,
876 3872 911 3925 et
940 3881 998 3925 cor
1023 3861 1128 3925 cervi.
1187 3855 1253 3931 Sed

118 3948 194 4013 dnm
219 3950 391 4035 perioulnm
412 3945 548 4017 venandi
578 3947 724 4032 fugeret,
754 3946 906 4019 affectum
927 3958 1034 4013 tamen
1057 3966 1174 4011 canum
1192 3964 1252 4010 nnn
1277 3952 1281 3959 '

80 4086 82 4091 .
118 4034 253 4113 dimisit,
290 4058 370 4121 quos
403 4033 537 4105 inaniter
574 4030 738 4121 pascendo
777 4051 902 4100 ornnem
937 4031 1146 4098 substantiam
1181 4049 1261 4119 per··

77 4119 215 4200 auidis
254 4121 297 4184 ab
327 4142 423 4206 quam
445 4141 512 4188 rern
534 4141 553 4184 a
576 4118 708 4186 canibus
744 4116 861 4184 dicitnr
897 4113 1077 4183 devoratus.
1140 4114 1252 4183 Perdi·

112 4229 185 4279 eenr
222 4216 354 4293 qaoque
389 4205 493 4296 primu
530 4203 672 4287 Dianae,
715 4201 833 4281 deinde
868 4203 993 4272 incesto
1029 4203 1138 4279 matris
1177 4221 1280 4271 suae.
