2684 4606
48 148 53 211 ῑ
152 158 235 234 ns
429 156 614 261 uyuogr.
643 160 715 233 m.
770 157 811 233 a.
865 150 1019 233 a-c.

74 422 78 427 ,
154 364 243 411 mum
263 363 337 408 sero
361 338 493 412 damnat
512 308 620 409 'renuie
655 341 752 407 Haec
769 339 950 428 Remigius.
992 335 1063 406 Sed
1089 310 1158 426 per
1173 318 1316 424 virgam?-

32 442 36 452 '
125 425 236 504 illam
274 427 475 515 serpentibus
512 427 644 529 ligatum
675 449 739 495 non
774 426 914 495 absurde
945 425 1097 513 accipere
1127 443 1296 512 possumus

42 560 45 565 ,
156 513 337 583 continuam
360 524 393 581 et
408 512 615 580 insatiabrlem
636 512 891 600 negotiatorum,
924 510 1038 599 quibus
1081 520 1196 577 raeest
1214 508 1296 575 Mer-

27 645 36 655 ·
157 599 281 677 curius,
311 598 535 690 intentionem,
567 597 682 665 eodem
702 621 829 688 semper
847 597 1007 676 desiderio
1028 532 1080 661 orl
1094 592 1191 669 lucta
1214 592 1296 661 testi-

98 694 103 709 ·
132 689 299 766 tlnantem,
329 684 515 772 serpentinis
537 683 758 752 calliditatibus
783 686 925 777 plenam,
960 681 1128 775 noxiisque
1149 700 1296 747 curarunt

156 770 282 837 venenis
303 769 313 833 i
338 792 391 836 sos
413 769 540 836 assidue
568 771 774 837 cruciantem,
868 763 871 781 '
1308 792 1314 805 ·

241 858 271 923 5.
314 791 411 928 lluod
432 878 507 921 vero
528 855 638 923 talaria
658 856 777 923 habeat
796 855 993 939 Mercurius,
1015 864 1240 947 etnpxetusum,
1265 851 1296 921 id

139 954 208 1013 :est
238 939 477 1010 calciamentum
506 942 643 1022 alatum,
674 966 695 1010 a
722 943 852 1008 Graeco
885 945 982 1010 verbo
1011 944 1119 1023 mdiu,
1154 941 1191 1008 id
1211 951 1296 1009 ests

96 1107 107 1119 ἢ
136 1018 304 1094 ,νοὶαηιὶὸ
322 1024 462 1108 dictum,
496 1027 561 1095 sire
592 1026 667 1092 ideo
697 1028 805 1095 fiotum
836 1037 905 1108 est,
928 1025 1014 1131 quod
1046 1049 1200 1096 sermone
1228 1022 1307 1115 nihil·

118 1122 210 1183 tuest
238 1110 392 1189 velocius,
434 1113 500 1183 sire
529 1128 677 1203 propter,
695 1114 822 1180 nimiam
850 1111 962 1186 sidens
995 1112 1063 1203 ejus
1090 1112 1295 1183 velocitatem

158 1197 232 1285 Ipsa
256 1218 331 1263 vero
350 1198 463 1270 tataris
495 1221 594 1267 aurea
618 1198 710 1286 juxta
738 1198 943 1286 allegoriam,
959 1204 1013 1267 ‘ut
1044 1197 1090 1269 ait
1119 1197 1295 1287 Remigius,

159 1284 389 1371 competentius
412 1297 568 1371 argentea
587 1284 779 1359 dicerentur.
833 1291 952 1355 Aurum
982 1284 1065 1351 enim
1095 1282 1129 1349 in
1160 1282 1316 1377 mysticis¹

159 1367 202 1435 ad
222 1369 392 1457 puritatem
413 1392 544 1451 sensus,
563 1380 749 1458 ‘argentum
771 1391 845 1436 vero
870 1369 912 1440 ad
933 1368 1050 1457 'eloquii
1075 1368 1219 1441 refertur
1238 1366 1295 1435 cla·

159 1453 294 1525 ritatem.
338 1456 391 1526 ot
427 1456 555 1542 signum
584 1479 714 1546 quoque
735 1455 909 1527 velocitatis
940 1456 1060 1528 vertice
1081 1453 1170 1523 alato
1191 1453 1294 1544 depiu-
1334 1480 1338 1541 j

120 1541 267 1627 rugitum
302 1562 367 1606 neo
399 1539 564 1614 immerito.
619 1544 725 1617 Quum
760 1542 844 1630 epim
879 1541 959 1612 aliae
992 1539 1102 1609 stellae
1120 1539 1225 1613 >tarde
1257 1534 1296 1605 ad

160 1636 250 1692 ortus
284 1649 360 1693 suos
401 1640 584 1706 recurrant,
626 1626 827 1704 Mercurius,
870 1639 905 1694 ut
933 1626 977 1693 ait
1004 1626 1296 1706 Servius,.octuro

160 1711 286 1783 decimo
307 1711 361 1781 die
380 1710 411 1777 in
434 1724 507 1780 ortu
528 1737 587 1780 suo
607 1709 772 1779 invenitur.
813 1710 895 1778 lude
916 1713 1012 1782 etiam
1027 1713 1177 1801 στίλβων
1197 1708 1296 1805 appul-

71 1816 74 1826 ·
160 1797 259 1873 latur,
297 1793 383 1885 quod
413 1798 502 1869 celer
534 1799 769 1888 interpretatur,
826 1796 1002 1885 Aliquando
1033 1796 1148 1877 etiam,
1189 1809 1227 1869 nt
1259 1794 1308 1863 st·

161 1881 346 1968 Remigius,
383 1904 482 1970 supra
510 1884 609 1952 solem
638 1882 780 1964 scandit,
807 1895 844 1951 'ot
864 1906 967 1971 paene
989 1880 1168 1970 usquerad
1195 1879 1296 1956 Merit
1321 1910 1337 1945 ,·

119 1967 314 2039 tucirculum
336 1968 495 2057 perrenit;
532 1968 701 2056 aliquando
723 1991 798 2037 vero
820 1991 917 2055 quum
939 1964 1153 2055 retrogradus
1175 1980 1243 2048 est,
1259 1962 1317 2037 ad-

162 2053 328 2125 inferiores
351 2053 485 2120 circulos
506 2053 672 2123 descendit
701 2065 734 2127 et
754 2053 870 2123 iterum
892 2122 901 2133 ,
923 2078 1004 2124 aene
1033 2075 1135 2145 usque
1163 2052 1208 2125 ad
1228 2062 1313 2119 coo-²

64 2204 68 2211 ,
161 2140 269 2212 finium
291 2138 408 2212 lunaris
432 2139 541 2212 circuli
563 2139 720 2220 desertum
741 2138 881 2226 ideoque
899 2079 1048 2228 lingitur,
1070 2136 1160 2227 quod
1182 2136 1297 2209 caelum

162 2238 194 2299 et
214 2224 390 2299 Tartarum
412 2223 597 2312 frequenter
618 2237 770 2315 recurrat
811 2223 904 2297 Istud
927 2226 1003 2295 nutri
1024 2226 1202 2297 obscurum
1218 2221 1297 2319 judi·

162 2333 255 2389 carus,
277 2310 446 2396 astrologis
467 2310 722 2399 investigandum
743 2310 897 2399 relinquo.
952 2309 1051 2393 Quod
1072 2333 1150 2378 vero
1169 2309 1298 2379 deorum

119 2397 279 2487 addicitur
297 2397 447 2478 minister,
470 2398 536 2463 sire
557 2400 597 2465 ab
622 2398 684 2470 hac
703 2398 774 2485 ipsa
792 2418 829 2462 re
849 2408 956 2468 ortum
972 2409 1031 2473 est,
1050 2395 1141 2486 quod
1161 2393 1299 2463 videlicut

163 2482 231 2569 ejus
274 2481 379 2559 laneta
408 2481 493 2557 velut
520 2482 652 2576 aliorum
685 2483 882 2575 planetarum
912 2482 1049 2550 famulus
1075 2505 1137 2574 per
1159 2483 1312 2577 ,ipsoram-

163 2506 298 2637 oiroullrs
328 2565 533 2640 ascendendo
571 2580 605 2636 et
640 2565 865 2639 descendendo
899 2567 1078 2649 discurset,
1112 2567 1190 2637 sire.
1220 2558 1300 2656 quod

38 2668 41 2681 ¹
163 2676 269 2728 sermo
290 2655 463 2745 majoribus
485 2668 518 2723 et
538 2654 710 2727 minoribus
733 2654 897 2742 aequalem
941 2656 1074 2730 raebeat
1103 2652 1300 2729 famulatumt

147 2741 228 2808 *sire
248 2739 481 2811 methematicu
519 2738 677 2827 quadam,
751 2762 823 2805 uam
856 2751 904 2809 tra
928 2741 953 2808 ‘t
986 2741 1153 2818 Servius,
1175 2739 1307 2807 ratione

120 2826 338 2899 nesciendum
367 2826 467 2906 enim,
508 2825 625 2912 inquit,
669 2763 770 2895 ds‘l
799 2824 931 2912 planetis
967 2824 1049 2893 duos
1079 2848 1154 2892 esse
1186 2824 1301 2900 noxios,

162 2913 298 2982 Martem
330 2923 363 2986 et
402 2912 593 2990 Saturnum,
636 2909 719 2977 duos
760 2910 881 2994 bonos,
921 2911 1034 2982 Joveru
1074 2922 1110 2983 et
1139 2911 1302 2979 Venerem

163 2998 342 3071 Mercurius
365 3018 442 3063 sero
463 2996 532 3064 talis
553 3008 624 3076 est,
658 2995 760 3085 qualis
780 2996 850 3075 ille,
887 2997 939 3063 cui
968 2996 1164 3084 adjungitur.
1214 2991 1304 3063 Unde

163 3096 196 3153 et
217 3084 258 3156 lin
285 3083 348 3156 itur
369 3080 504 3156 deorum
525 3083 685 3162 minister,
716 3080 805 3170 quod
833 3105 944 3153 eorum
973 3084 1176 3170 obtemperet
1202 3092 1304 3177 potes·

163 3169 228 3243 tati.
278 3236 281 3241 ,
306 3169 358 3240 inc
374 3179 445 3248 est,
478 3166 567 3255 quod
589 3169 633 3235 ait
653 3168 821 3255 Virgilius:

52 3302 54 3307 .
110 3267 163 3323 ‘rt
251 3254 345 3343 Quos
365 3252 463 3341 ignis
484 3254 575 3325 coeli
601 3253 781 3338 Cyllenius
802 3261 894 3318 erret
917 3250 956 3316 iu
977 3247 1094 3328 orbes3

163 3340 195 3406 id
221 3352 286 3418 est,
309 3339 361 3409 cui
380 3339 580 3426 'planetarum
603 3339 777 3414 adhaereat
796 3336 993 3419 Mercurius,
1024 3346 1060 3409 ut
1080 3356 1121 3401 ex
1142 3332 1195 3403 illo
1213 3332 1320 3427 ipsiut‘

164 3423 315 3503 Mercurii
338 3424 470 3512 qualitas
493 3426 594 3517 possit
613 3424 757 3513 agnosci.
1315 3426 1320 3435 '

248 3514 279 3585 u.
323 3511 411 3586 Sane
439 3509 653 3608 planetarum,
704 3530 785 3612 quos
814 3509 916 3580 bonos
946 3505 994 3575 rel
1023 3505 1136 3573 noxios
1166 3504 1308 3587 diximus,

165 3598 259 3669 latius
289 3606 419 3672 naturas
451 3597 618 3683 exequitur
644 3594 785 3671 Plinms,
818 3595 873 3682 qui
902 3592 998 3659 etiam
1026 3603 1172 3661 cometus
1206 3590 1308 3663 stello

124 3680 240 3766 siesse
260 3682 442 3766 naturales,
472 3682 659 3785 cunctisque
680 3687 838 3771 apparere
865 3678 1080 3757 tenoribus,
1115 3675 1310 3768 eosdemque

168 3770 211 3843 da
232 3770 373 3858 quinque
394 3768 527 3867 planetis
550 3768 621 3843 liert
647 3777 886 3839 commemorat.
928 3702 1043 3844 liudo,
1063 3764 1184 3851 inquit,
1215 3765 1311 3833 intuto

169 3856 249 3928 dunt¹
269 3857 404 3936 bonum,
437 3852 597 3930 interdurn
621 3852 758 3946 pessima
785 3851 977 3940 significant·
1020 3851 1105 3921 Nam
1137 3850 1166 3918 si
1187 3844 1232 3918 de
1252 3850 1324 3919 vsa

171 3947 325 4017 trereaut
346 3943 428 4010 Jove
448 3941 544 4024 fiant,
580 3939 699 4029 optima
729 3939 949 4031 pronuntiantr
989 3936 1016 4007 si
1048 3936 1091 4003 de
1120 3935 1229 4007 Marte
1258 3942 1314 4003 sut

171 4031 334 4107 Saturno,
358 4024 526 4104 deteriora,
567 4024 654 4097 Nam
673 4023 872 4095 Mercurialis
893 4044 1020 4112 semper
1047 4020 1119 4091 tulis
1140 4033 1209 4103 est,
1258 4042 1324 4118 usf-

129 4114 207 4195 tulit
226 4112 295 4192 ille,
327 4111 378 4179 cul
397 4110 559 4184 adhaeret,
613 4109 710 4184 Unde
733 4111 795 4185 eti
819 4132 855 4177 se
875 4132 947 4176 eurn
967 4108 1110 4191 'deorum
1132 4106 1213 4181 dicit
1318 4124 1324 4179 .'

166 4197 360 4273 ministrum,
414 4197 516 4275 Stoici
538 4217 668 4293 quoque
688 4196 747 4271 lros
807 4208 857 4269 tre
878 4195 973 4270 XXX
996 4194 1077 4267 duos
1101 4215 1176 4263 esse
1196 4191 1321 4279 dicunt,-
