2684 4606
147 153 221 247 rtis
504 164 689 266 myrhope.
718 166 769 239 11.
827 161 921 239 sau.
967 208 971 215 -

143 349 263 419 inferro
305 346 456 415 Theseus
480 326 586 416 autem
600 351 745 435 Aegeum
765 325 903 451 patrem,
923 346 1287 429 tancmarinumdeurn,

143 437 289 523 rogavit,
323 447 359 501 ut
383 457 419 499 se
450 433 668 501 ulcisceretur.
711 433 775 510 Qus
804 435 941 521 agitanti
967 456 1080 502 comus
1111 435 1287 527 Hippolyto

143 522 271 588 immisit
302 521 438 609 phocam
464 521 497 585 in
528 520 638 600 litore;
668 542 733 607 qua
765 522 838 609 equi
863 521 965 593 territi
994 543 1068 587 eum
1092 543 1193 587 curru
1213 544 1286 613 pro

139 608 262 699 jectum
300 606 547 693 discerpserunt
597 603 666 671 Sed
701 604 881 710 Hippolyto
912 608 1101 686 interemto,
1135 607 1288 677 Phaedra

119 694 265 763 samoris,
279 690 475 781 impatientia
496 692 610 780 laqueo
633 691 727 757 vitam
748 694 856 760 liniunt.
887 692 993 762 Diana
1008 704 1124 773 autern,
1142 696 1288 762 castitate

142 779 310 868 Hippolyti
331 789 508 857 commota,
534 777 695 845 revocavit
712 800 786 844 eum
807 780 838 844 in
861 778 954 846 vitam
975 803 1034 869 per
1053 780 1287 869 Aesculapium,

142 866 240 931 lilium
260 864 409 952 Apollinis
432 875 465 931 et
486 862 677 943 Coronidis,
709 865 793 931 filiae
814 865 897 933 Phle
923 889 1000 956 yae,
1021 876 1130 933 natum
1153 878 1286 935 exsecto

143 952 252 1019 matris
281 962 400 1016 ventre.
444 950 553 1024 Quum
582 960 688 1017 autern
710 949 820 1037 Apollo
844 973 885 1017 au
909 962 986 1019 rsset
1007 974 1027 1017 a
1047 973 1164 1033 corvo,
1192 974 1287 1042 quesn

145 1035 298 1107 Coronidi
321 1034 466 1102 adhibuit
487 1034 665 1114 custodem,
689 1057 760 1100 eom
781 1059 853 1101 curn
876 1037 969 1127 Lyco
989 1034 1180 1105 adulterium
1201 1062 1299 1105 cous·-

103 1123 284 1204 remisisse,
306 1121 405 1189 iratus
417 1116 623 1201 Coronidem,
643 1131 770 1187 maturo
783 1119 847 1211 jam
866 1132 970 1209 partu,
992 1122 1123 1189 confixit
1144 1125 1287 1212 sagittis3

144 1231 273 1275 corvum
297 1229 387 1288 vero,
418 1228 594 1295 pennarum
617 1205 759 1275 candore
779 1208 971 1295 plumatum,
1002 1209 1129 1296 nigrum
1153 1232 1195 1275 ex
1217 1210 1285 1277 albo

144 1294 236 1375 lecit,
266 1305 299 1361 et
328 1294 359 1359 in
389 1316 480 1363 suam
507 1292 636 1361 tutelam
661 1282 801 1381 rdiepit,
834 1307 1029 1385 exsectaque
1050 1304 1161 1365 ventre
1184 1296 1285 1362 Coro·

112 1408 115 1413 ·
144 1378 243 1460 nidis,
264 1378 414 1471 produxit
437 1378 680 1468 Aesculapium,
703 1379 756 1467 qui
774 1378 877 1446 factus
894 1392 944 1447 est
960 1378 1139 1446 medicinae
1157 1382 1285 1468 peritus.
1303 1382 1306 1387 ’

143 1466 308 1561 Phlegyas
338 1477 460 1545 autem,
491 1476 582 1553 pater
609 1464 799 1545 Coronidis,
826 1464 938 1531 dolens
962 1465 1058 1533 liliam
1080 1466 1121 1532 ab
1144 1466 1285 1555 Apolline

103 1552 304 1629 unitiatem,
336 1551 404 1643 ejus
434 1550 584 1647 templum
607 1549 694 1639 apud
713 1550 857 1644 Delphos
877 1550 1027 1619 incendit
1049 1548 1168 1634 „Unde
1189 1554 1284 1621 iratus

142 1637 252 1726 Apollo
289 1637 469 1727 Cyclopas,
505 1636 716 1707 fabricatores
756 1636 938 1720 fulminum,
985 1637 1117 1705 conlisit
1151 1637 1284 1727 sagittis.

142 1726 196 1791 Ob
217 1747 311 1825 quam
334 1746 400 1788 rem
423 1721 585 1793 mortalem
606 1720 736 1788 indutus
763 1722 916 1803 formam,
951 1745 971 1789 a
999 1723 1082 1790 Jove
1104 1721 1218 1826 jussus
1239 1734 1284 1797 est
1320 1782 1324 1789 .

142 1808 269 1876 Admeti
291 1810 378 1896 regis
400 1830 513 1873 novem
535 1807 624 1879 anuis
647 1807 734 1875 circa
756 1807 985 1903 Amphrysum,
1012 1809 1204 1877 Thessaliae
1225 1811 1283 1877 llu-

143 1896 242 1975 rium,
263 1916 399 1983 pascere
420 1904 579 1972 armenta,
600 1891 764 1977 divinitate,
785 1892 942 1983 deposita.
986 1893 1056 1961 Sed
1076 1894 1184 1963 Diana
1204 1897 1283 1985 Hip-

99 1980 302 2069 noprolytum,
334 1992 518 2051 revocatum
540 1980 580 2044 ab
601 1978 727 2059 inieris,
755 1981 787 2045 in
808 1981 913 2047 Aricia
932 1980 1103 2073 Nymphae
1124 2003 1283 2050 commen·

143 2067 229 2134 davit
257 2067 417 2153 Egeriae,
449 2078 482 2133 et
512 2087 586 2131 eum
608 2065 768 2148 Virbium,
791 2068 881 2155 quasi
903 2065 956 2130 bie
976 2068 1092 2131 virum
1109 2066 1209 2156 jussit
1229 2082 1280 2135 so·

142 2152 218 2222 cari.
261 2154 390 2217 Revera
416 2163 521 2217 autem
550 2150 680 2217 Virbius
708 2164 759 2219 est
783 2174 900 2218 numen
922 2150 1126 2242 conjunctum
1149 2152 1282 2235 Dionae,

141 2250 178 2305 ut
199 2239 291 2303 matri
313 2237 407 2302 deum
430 2237 516 2319 Atis,
544 2236 708 2307 Minervae
732 2238 978 2317 Erichthonius,
1012 2237 1132 2303 Veneri
1153 2238 1281 2309 Adonis.
1321 2308 1326 2321 ,

140 2324 275 2390 Habent
296 2344 431 2411 namque
454 2322 579 2411 singula
601 2324 731 2389 numina
741 2324 909 2390 inferiores
925 2333 1102 2413 potestates
1114 2324 1280 2395 ministros.

99 2410 313 2482 savarianmr
340 2424 446 2477 autem
480 2432 500 2474 a
531 2410 633 2510 potitis
664 2409 800 2477 labulae.
843 2409 927 2481 Nam
952 2408 1103 2495 Virgilius
1126 2411 1285 2499 perhibet,

103 2518 106 2523 ·
140 2494 350 2585 Hippolytum
383 2498 424 2560 ab
453 2494 563 2563 inlerrs
595 2518 667 2562 esse
699 2494 894 2563 revocatum.
961 2495 1118 2562 Horatius
1155 2509 1281 2565 contrat

142 2581 265 2668 Neque
293 2582 386 2646 enim
415 2579 542 2645 Diana
563 2581 733 2669 pudieam
754 2580 883 2653 liberat
905 2579 1041 2667 Hippot
1066 2591 1154 2646 tarn.
1199 2582 1281 2651 Nam

139 2666 334 2757 Hippolytus
357 2666 432 2732 lieet
453 2664 633 2825 discerptus
654 2666 687 2730 in
708 2665 803 2733 vitam
826 2663 1004 2733 secundum
1032 2603 1063 2730 p

140 2751 198 2835 rit,
218 2760 326 2827 tamen
348 2751 458 2825 mortis
480 2775 542 2823 con
565 2753 696 2823 itionem
718 2749 857 2821 eradere
876 2774 941 2821 non
962 2751 1077 2841 potuit.

96 2998 135 3051 so
337 2982 345 2996 '
504 2966 600 3047 129.
655 2967 923 3068 Oenopion.

1046 2665 1157 2738 abulae
1179 2666 1294 2743 redies

224 3096 415 3187 Oenopion,
456 3096 512 3186 qui
542 3108 576 3166 et
606 3095 765 3199 Pelargus
795 3095 927 3193 dicitur,
959 3117 1016 3163 rex
1044 3116 1144 3185 quum
1166 3069 1328 3199 liberos„

139 3202 205 3253 non
225 3181 378 3266 heberet,
408 3182 543 3285 aJore,
573 3182 755 3265 Mercurio,
782 3181 1018 3284 heptunoquo,
1041 3204 1123 3332 ΙΊιιοει
1145 3180 1299 3285 hospitio,
1326 3212 1328 3218 ·

139 3283 341 3358 susceperat,
378 3270 595 3349 hortantubus,
631 3283 667 3338 ut
697 3271 738 3335 ab
761 3266 808 3334 hss
831 3268 937 3356 abqua
957 3276 1050 3356 postu
1064 3278 1151 3347 aret,
1183 3278 1284 3358 petut,
1326 3300 1328 3331 r

140 3366 178 3422 ut
212 3356 272 3422 sibi
312 3356 529 3424 concederent
562 3354 631 3427 sine
668 3355 808 3444 conjuge
836 3353 960 3425 liberos.
1017 3352 1081 3433 Illi,
1118 3354 1203 3421 intra
1231 3374 1285 3421 co·

97 3458 134 3515 ³5
143 3442 225 3507 rium
268 3442 420 3511 immolati
462 3442 520 3515 sibi
557 3442 646 3507 boris
677 3443 770 3509 urina
800 3439 900 3525 iacta,
949 3450 1202 3528 praeceperunt,
1251 3448 1286 3507 ut
1326 3448 1328 3453 '

140 3526 290 3594 obrutum
333 3541 437 3607 terra,
481 3528 646 3621 completis
686 3526 835 3601 maternis
873 3526 1053 3605 mensibus,
1098 3522 1284 3599 solveretur.
1318 3540 1321 3546 '

140 3613 215 3687 Quo
242 3614 345 3693 lacto,
383 3618 528 3684 inventus
563 3625 612 3680 est
641 3636 737 3705 puer,
774 3613 825 3678 cul
858 3633 975 3677 nomon
1012 3613 1054 3676 ab
1075 3610 1198 3677 urlna
1226 3610 1284 3705 inp·

140 3699 278 3853 positum
315 3711 381 3779 est,
432 3712 468 3767 ut
502 3701 633 3768 Orion
668 3699 839 3765 diceretur.
901 3697 966 3773 Qui
1005 3709 1117 3786 postea
1153 3697 1293 3767 venatos·

155 3799 264 3866 actus,
286 3784 361 3854 dum
384 3785 475 3855 vellet
499 3810 572 3862 cum
592 3786 698 3856 Diana
720 3784 951 3862 concumbere,
974 3796 1010 3849 ut
1024 3781 1181 3851 Horatius
1199 3782 1284 3865 dicit,
1325 3793 1328 3858 ἰ

100 3871 209 3961 soejos
232 3872 356 3958 sagittis
379 3874 506 3943 occisus
524 3885 591 3955 ests
613 3883 648 3939 ut
668 3872 839 3950 laricanus,
860 3869 1000 3935 immisso
1020 3868 1148 3934 'l'errae
1169 3870 1286 3939 auxilio
1324 3896 1328 3935 :

142 3957 311 4045 scorpione
338 3959 438 4046 periit.
502 3961 610 4034 Quem
647 3957 797 4045 luppiter
836 3950 869 4025 ih
915 3954 1037 4021 caelum
1077 3956 1286 4041 transferens,

142 4044 268 4127 signum
293 4044 449 4112 iurnosum
470 4043 713 4133 tempestatibus
738 4042 822 4109 lecit
866 4040 1016 4108 Similiter
1037 4052 1070 4106 et
1091 4039 1198 4113 Diana
1222 4044 1298 4111 rin-e

143 4119 246 4195 dicem
267 4154 359 4195 snum
378 4133 410 4196 in
432 4133 555 4198 caelum
575 4128 742 4199 transtulit
784 4126 853 4195 Sed
874 4126 939 4193 veri
962 4125 1091 4191 similius
1113 4139 1175 4207 ost,
1199 4126 1287 4217 quod
1325 4127 1328 4146 '

124 4236 147 4277 a
166 4217 347 4301 scorpione
367 4218 559 4288 interemtus
583 4239 657 4286 esse
678 4214 813 4297 dicitur,
842 4235 908 4303 quo
929 4224 1051 4280 onente
1071 4213 1204 4285 occidit.

160 4389 223 4434 f*

1295 4183 1328 4349 tl
