<?xml version="1.0" encoding="UTF-8"?>
<!DOCTYPE html PUBLIC "-//W3C//DTD XHTML 1.0 Transitional//EN"
    "http://www.w3.org/TR/xhtml1/DTD/xhtml1-transitional.dtd">
<html xmlns="http://www.w3.org/1999/xhtml" xml:lang="en" lang="en">
 <head>
  <title>
</title>
<meta http-equiv="Content-Type" content="text/html;charset=utf-8" />
  <meta name='ocr-system' content='tesseract 3.04.00' />
  <meta name='ocr-capabilities' content='ocr_page ocr_carea ocr_par ocr_line ocrx_word'/>
</head>
<body>
  <div class='ocr_page' id='page_1' title='image "./scriptoresrereu00bodegoog_0325.png"; bbox 0 0 2692 4606; ppageno 0'>
   <div class='ocr_carea' id='block_1_1' title="bbox 114 203 492 255">
    <p class='ocr_par' dir='ltr' id='par_1_1' title="bbox 114 203 492 255">
     <span class='ocr_line' id='line_1_1' title="bbox 114 203 492 255; baseline 0.008 -5"><span class='ocrx_word' id='word_1_1' title='bbox 114 203 151 253; x_wconf 79' lang='lat' dir='ltr'><em>Vl</em></span> <span class='ocrx_word' id='word_1_2' title='bbox 240 245 290 255; x_wconf 88' lang='lat'>....</span> <span class='ocrx_word' id='word_1_3' title='bbox 406 242 492 255; x_wconf 57' lang='grc' dir='ltr'>Μ...</span> 
     </span>
    </p>
   </div>
   <div class='ocr_carea' id='block_1_2' title="bbox 43 332 1254 515">
    <p class='ocr_par' dir='ltr' id='par_1_2' title="bbox 43 332 1254 515">
     <span class='ocr_line' id='line_1_2' title="bbox 112 332 1254 433; baseline -0.003 -16"><span class='ocrx_word' id='word_1_4' title='bbox 112 336 189 433; x_wconf 81' lang='lat' dir='ltr'><em>quain</em></span> <span class='ocrx_word' id='word_1_5' title='bbox 206 362 287 416; x_wconf 87' lang='lat' dir='ltr'><em>hilare</em></span> <span class='ocrx_word' id='word_1_6' title='bbox 305 360 439 431; x_wconf 84' lang='lat' dir='ltr'><em>prandium</em></span> <span class='ocrx_word' id='word_1_7' title='bbox 456 375 613 427; x_wconf 76' lang='lat' dir='ltr'><em>caenumque</em></span> <span class='ocrx_word' id='word_1_8' title='bbox 631 362 774 429; x_wconf 85' lang='lat' dir='ltr'><em>etreliqua</em></span> <span class='ocrx_word' id='word_1_9' title='bbox 791 362 920 416; x_wconf 80' lang='lat' dir='ltr'><em>comitatis</em></span> <span class='ocrx_word' id='word_1_10' title='bbox 944 362 1030 416; x_wconf 84' lang='lat' dir='ltr'><em>oificia</em></span> <span class='ocrx_word' id='word_1_11' title='bbox 1054 363 1088 415; x_wconf 86' lang='lat' dir='ltr'><em>ab</em></span> <span class='ocrx_word' id='word_1_12' title='bbox 1112 332 1164 416; x_wconf 82' lang='lat' dir='ltr'><em>illie</em></span> <span class='ocrx_word' id='word_1_13' title='bbox 1191 361 1254 416; x_wconf 77' lang='lat' dir='ltr'><em>Ru.</em></span> 
     </span>
     <span class='ocr_line' id='line_1_3' title="bbox 43 424 689 515; baseline -0.009 -24"><span class='ocrx_word' id='word_1_14' title='bbox 43 492 50 501; x_wconf 77' lang='grc'>,</span> <span class='ocrx_word' id='word_1_15' title='bbox 90 435 242 491; x_wconf 69' lang='grc' dir='ltr'><strong>ιιιιοηαοὴίο</strong></span> <span class='ocrx_word' id='word_1_16' title='bbox 259 424 322 489; x_wconf 81' lang='lat' dir='ltr'><em>miii</em></span> <span class='ocrx_word' id='word_1_17' title='bbox 339 441 401 487; x_wconf 91' lang='lat' dir='ltr'><em>tunc</em></span> <span class='ocrx_word' id='word_1_18' title='bbox 417 435 536 515; x_wconf 84' lang='lat' dir='ltr'><em>certatim</em></span> <span class='ocrx_word' id='word_1_19' title='bbox 554 432 689 488; x_wconf 76' lang='lat' dir='ltr'><em>exhibita·</em></span> 
     </span>
    </p>
   </div>
   <div class='ocr_carea' id='block_1_3' title="bbox 26 518 1258 2346">
    <p class='ocr_par' dir='ltr' id='par_1_3' title="bbox 211 518 426 545">
     <span class='ocr_line' id='line_1_4' title="bbox 211 518 426 545; baseline 0 -16"><span class='ocrx_word' id='word_1_20' title='bbox 211 520 216 545; x_wconf 80' lang='grc'><strong><em>,</em></strong></span> <span class='ocrx_word' id='word_1_21' title='bbox 420 518 426 529; x_wconf 83' lang='grc'>.</span> 
     </span>
    </p>

    <p class='ocr_par' dir='ltr' id='par_1_4' title="bbox 26 550 1258 1132">
     <span class='ocr_line' id='line_1_5' title="bbox 181 550 1257 628; baseline -0.003 -14"><span class='ocrx_word' id='word_1_22' title='bbox 181 561 238 614; x_wconf 88' lang='lat' dir='ltr'><em>lam</em></span> <span class='ocrx_word' id='word_1_23' title='bbox 261 576 323 612; x_wconf 86' lang='lat' dir='ltr'><em>vero</em></span> <span class='ocrx_word' id='word_1_24' title='bbox 342 558 375 611; x_wconf 90' lang='lat' dir='ltr'><em>de</em></span> <span class='ocrx_word' id='word_1_25' title='bbox 393 556 443 610; x_wconf 87' lang='lat' dir='ltr'><em>hoc</em></span> <span class='ocrx_word' id='word_1_26' title='bbox 460 554 636 628; x_wconf 82' lang='lat' dir='ltr'><em>geographico</em></span> <span class='ocrx_word' id='word_1_27' title='bbox 655 558 780 628; x_wconf 79' lang='lat' dir='ltr'><em>opusculo</em></span> <span class='ocrx_word' id='word_1_28' title='bbox 804 572 884 626; x_wconf 84' lang='lat' dir='ltr'><em>quum</em></span> <span class='ocrx_word' id='word_1_29' title='bbox 910 565 1003 628; x_wconf 84' lang='lat' dir='ltr'><em>postea</em></span> <span class='ocrx_word' id='word_1_30' title='bbox 1020 558 1123 617; x_wconf 85' lang='lat' dir='ltr'><em>Romae</em></span> <span class='ocrx_word' id='word_1_31' title='bbox 1142 550 1257 612; x_wconf 67' lang='lat' dir='ltr'><em>medita-</em></span> 
     </span>
     <span class='ocr_line' id='line_1_6' title="bbox 111 630 1257 700; baseline -0.004 -13"><span class='ocrx_word' id='word_1_32' title='bbox 111 636 170 700; x_wconf 58' lang='lat' dir='ltr'><em>rere,</em></span> <span class='ocrx_word' id='word_1_33' title='bbox 188 633 299 700; x_wconf 80' lang='lat' dir='ltr'><strong>cognovi</strong></span> <span class='ocrx_word' id='word_1_34' title='bbox 316 631 344 682; x_wconf 90' lang='lat' dir='ltr'><em>id</em></span> <span class='ocrx_word' id='word_1_35' title='bbox 361 646 378 682; x_wconf 90' lang='lat' dir='ltr'><em>a</em></span> <span class='ocrx_word' id='word_1_36' title='bbox 395 630 548 683; x_wconf 82' lang='lat' dir='ltr'><em>Mobillonio</em></span> <span class='ocrx_word' id='word_1_37' title='bbox 563 632 625 683; x_wconf 91' lang='lat' dir='ltr'><em>olim</em></span> <span class='ocrx_word' id='word_1_38' title='bbox 642 631 669 683; x_wconf 91' lang='lat' dir='ltr'><em>in</em></span> <span class='ocrx_word' id='word_1_39' title='bbox 687 631 798 684; x_wconf 79' lang='lat' dir='ltr'><em>Curensi</em></span> <span class='ocrx_word' id='word_1_40' title='bbox 816 631 1087 699; x_wconf 61' lang='lat' dir='ltr'><em>bibliothecarium,</em></span> <span class='ocrx_word' id='word_1_41' title='bbox 1113 631 1161 684; x_wconf 81' lang='lat' dir='ltr'><em>aed</em></span> <span class='ocrx_word' id='word_1_42' title='bbox 1177 633 1257 683; x_wconf 90' lang='lat' dir='ltr'><em>unico</em></span> 
     </span>
     <span class='ocr_line' id='line_1_7' title="bbox 111 700 1257 784; baseline -0.006 -26"><span class='ocrx_word' id='word_1_43' title='bbox 111 700 192 758; x_wconf 82' lang='lat' dir='ltr'><em>verbo</em></span> <span class='ocrx_word' id='word_1_44' title='bbox 210 704 369 784; x_wconf 78' lang='lat' dir='ltr'><em>appellatum</em></span> <span class='ocrx_word' id='word_1_45' title='bbox 386 717 431 768; x_wconf 80' lang='lat' dir='ltr'><em>up.</em></span> <span class='ocrx_word' id='word_1_46' title='bbox 449 703 493 754; x_wconf 88' lang='lat' dir='ltr'><em>cit.</em></span> <span class='ocrx_word' id='word_1_47' title='bbox 512 720 539 770; x_wconf 83' lang='lat' dir='ltr'><em>p·</em></span> <span class='ocrx_word' id='word_1_48' title='bbox 558 706 611 754; x_wconf 86' lang='grc'><em>118</em></span> <span class='ocrx_word' id='word_1_49' title='bbox 629 703 682 754; x_wconf 75' lang='lat' dir='ltr'><em>sict</em></span> <span class='ocrx_word' id='word_1_50' title='bbox 701 701 730 752; x_wconf 85' lang='lat' dir='ltr'><em>in</em></span> <span class='ocrx_word' id='word_1_51' title='bbox 753 700 910 754; x_wconf 81' lang='lat' dir='ltr'><em>bibliotheca</em></span> <span class='ocrx_word' id='word_1_52' title='bbox 929 702 1042 755; x_wconf 68' lang='lat' dir='ltr'><em>cavensi</em></span> <span class='ocrx_word' id='word_1_53' title='bbox 1056 702 1140 770; x_wconf 86' lang='lat' dir='ltr'><em>pauci</em></span> <span class='ocrx_word' id='word_1_54' title='bbox 1159 721 1257 770; x_wconf 84' lang='lat' dir='ltr'><em>super-</em></span> 
     </span>
     <span class='ocr_line' id='line_1_8' title="bbox 50 771 1258 844; baseline -0.002 -19"><span class='ocrx_word' id='word_1_55' title='bbox 50 808 57 825; x_wconf 84' lang='lat'><em>.</em></span> <span class='ocrx_word' id='word_1_56' title='bbox 111 785 178 829; x_wconf 78' lang='lat' dir='ltr'><em>aunt</em></span> <span class='ocrx_word' id='word_1_57' title='bbox 198 776 314 837; x_wconf 82' lang='lat' dir='ltr'><em>codices,</em></span> <span class='ocrx_word' id='word_1_58' title='bbox 337 771 466 824; x_wconf 77' lang='lat' dir='ltr'><em>Hilarius</em></span> <span class='ocrx_word' id='word_1_59' title='bbox 487 772 519 822; x_wconf 84' lang='lat' dir='ltr'><em>de</em></span> <span class='ocrx_word' id='word_1_60' title='bbox 545 772 671 824; x_wconf 82' lang='lat' dir='ltr'><em>trinitate</em></span> <span class='ocrx_word' id='word_1_61' title='bbox 690 782 718 823; x_wconf 82' lang='lat' dir='ltr'><em>et</em></span> <span class='ocrx_word' id='word_1_62' title='bbox 743 773 774 823; x_wconf 79' lang='lat' dir='ltr'><em>de</em></span> <span class='ocrx_word' id='word_1_63' title='bbox 793 773 918 844; x_wconf 72' lang='lat' dir='ltr'><em>synodis,</em></span> <span class='ocrx_word' id='word_1_64' title='bbox 942 773 1009 825; x_wconf 88' lang='lat' dir='ltr'><em>liber</em></span> <span class='ocrx_word' id='word_1_65' title='bbox 1035 774 1067 824; x_wconf 80' lang='lat' dir='ltr'><em>de</em></span> <span class='ocrx_word' id='word_1_66' title='bbox 1087 772 1258 844; x_wconf 76' lang='lat' dir='ltr'><em>geogrclphia</em></span> 
     </span>
     <span class='ocr_line' id='line_1_9' title="bbox 112 843 1257 919; baseline 0 -21"><span class='ocrx_word' id='word_1_67' title='bbox 112 847 222 919; x_wconf 77' lang='lat' dir='ltr'><em>antiqui</em></span> <span class='ocrx_word' id='word_1_68' title='bbox 249 844 383 906; x_wconf 80' lang='lat' dir='ltr'><em>auctoris,</em></span> <span class='ocrx_word' id='word_1_69' title='bbox 411 843 487 894; x_wconf 77' lang='lat' dir='ltr'><em>vitoe</em></span> <span class='ocrx_word' id='word_1_70' title='bbox 503 853 617 914; x_wconf 82' lang='lat' dir='ltr'><em>potrum</em></span> <span class='ocrx_word' id='word_1_71' title='bbox 638 847 795 896; x_wconf 66' lang='lat' dir='ltr'><em>verensium</em></span> <span class='ocrx_word' id='word_1_72' title='bbox 821 854 871 899; x_wconf 89' lang='lat' dir='ltr'><em>etc.</em></span> <span class='ocrx_word' id='word_1_73' title='bbox 907 846 1001 913; x_wconf 88' lang='lat' dir='ltr'><em>Neque</em></span> <span class='ocrx_word' id='word_1_74' title='bbox 1017 848 1092 914; x_wconf 89' lang='lat' dir='ltr'><em>plura</em></span> <span class='ocrx_word' id='word_1_75' title='bbox 1109 847 1148 897; x_wconf 90' lang='lat' dir='ltr'><em>ait</em></span> <span class='ocrx_word' id='word_1_76' title='bbox 1162 847 1257 898; x_wconf 83' lang='lat' dir='ltr'><em>Roza-</em></span> 
     </span>
     <span class='ocr_line' id='line_1_10' title="bbox 111 914 1258 987; baseline -0.004 -16"><span class='ocrx_word' id='word_1_77' title='bbox 111 934 160 977; x_wconf 77' lang='lat' dir='ltr'><em>nus</em></span> <span class='ocrx_word' id='word_1_78' title='bbox 186 935 229 987; x_wconf 89' lang='lat' dir='ltr'><em>op.</em></span> <span class='ocrx_word' id='word_1_79' title='bbox 257 918 301 970; x_wconf 83' lang='lat' dir='ltr'><em>cit.</em></span> <span class='ocrx_word' id='word_1_80' title='bbox 326 934 352 984; x_wconf 88' lang='lat' dir='ltr'><em>p.</em></span> <span class='ocrx_word' id='word_1_81' title='bbox 373 920 441 968; x_wconf 82' lang='lat'><strong>100:</strong></span> <span class='ocrx_word' id='word_1_82' title='bbox 469 915 494 966; x_wconf 88' lang='lat' dir='ltr'><em>le</em></span> <span class='ocrx_word' id='word_1_83' title='bbox 521 914 588 967; x_wconf 83' lang='lat' dir='ltr'><em>livre</em></span> <span class='ocrx_word' id='word_1_84' title='bbox 614 915 645 965; x_wconf 83' lang='lat' dir='ltr'><em>de</em></span> <span class='ocrx_word' id='word_1_85' title='bbox 668 915 744 966; x_wconf 83' lang='lat' dir='ltr'><em>Beda</em></span> <span class='ocrx_word' id='word_1_86' title='bbox 765 916 796 966; x_wconf 80' lang='lat' dir='ltr'><em>de</em></span> <span class='ocrx_word' id='word_1_87' title='bbox 819 915 994 986; x_wconf 77' lang='lat' dir='ltr'><em>temporibus,</em></span> <span class='ocrx_word' id='word_1_88' title='bbox 1015 917 1061 985; x_wconf 82' lang='lat' dir='ltr'><em>des</em></span> <span class='ocrx_word' id='word_1_89' title='bbox 1080 917 1200 968; x_wconf 81' lang='lat' dir='ltr'><em>extruits</em></span> <span class='ocrx_word' id='word_1_90' title='bbox 1224 917 1258 967; x_wconf 82' lang='lat' dir='ltr'><em>de</em></span> 
     </span>
     <span class='ocr_line' id='line_1_11' title="bbox 112 985 1258 1059; baseline -0.003 -16"><span class='ocrx_word' id='word_1_91' title='bbox 112 989 183 1043; x_wconf 80' lang='lat' dir='ltr'><em>celui</em></span> <span class='ocrx_word' id='word_1_92' title='bbox 205 989 237 1040; x_wconf 84' lang='lat' dir='ltr'><em>de</em></span> <span class='ocrx_word' id='word_1_93' title='bbox 261 985 486 1059; x_wconf 82' lang='lat' dir='ltr'><em>etymologiis.de</em></span> <span class='ocrx_word' id='word_1_94' title='bbox 515 989 545 1044; x_wconf 83' lang='lat' dir='ltr'><em>S.</em></span> <span class='ocrx_word' id='word_1_95' title='bbox 570 985 674 1039; x_wconf 80' lang='lat' dir='ltr'><strong><em>Isidore</em></strong></span> <span class='ocrx_word' id='word_1_96' title='bbox 695 987 735 1053; x_wconf 75' lang='lat' dir='ltr'><em>ele¹</em></span> <span class='ocrx_word' id='word_1_97' title='bbox 754 987 866 1053; x_wconf 67' lang='lat' dir='ltr'><em>Serme,</em></span> <span class='ocrx_word' id='word_1_98' title='bbox 890 998 925 1040; x_wconf 82' lang='lat' dir='ltr'><em>et</em></span> <span class='ocrx_word' id='word_1_99' title='bbox 949 989 980 1039; x_wconf 83' lang='lat' dir='ltr'><em>de</em></span> <span class='ocrx_word' id='word_1_100' title='bbox 999 988 1137 1058; x_wconf 76' lang='lat' dir='ltr'><em>plusieurs</em></span> <span class='ocrx_word' id='word_1_101' title='bbox 1159 998 1258 1039; x_wconf 80' lang='lat' dir='ltr'><em>autres</em></span> 
     </span>
     <span class='ocr_line' id='line_1_12' title="bbox 26 1052 1258 1132; baseline -0.005 -18"><span class='ocrx_word' id='word_1_102' title='bbox 26 1080 31 1091; x_wconf 77' lang='lat'><strong>¹</strong></span> <span class='ocrx_word' id='word_1_103' title='bbox 112 1079 246 1132; x_wconf 80' lang='lat' dir='ltr'><em>ouvrages</em></span> <span class='ocrx_word' id='word_1_104' title='bbox 270 1052 420 1126; x_wconf 72' lang='lat' dir='ltr'><em>component</em></span> <span class='ocrx_word' id='word_1_105' title='bbox 442 1056 483 1108; x_wconf 61' lang='lat' dir='ltr'><em>ees</em></span> <span class='ocrx_word' id='word_1_106' title='bbox 493 1056 608 1116; x_wconf 80' lang='lat' dir='ltr'><em>recueil,</em></span> <span class='ocrx_word' id='word_1_107' title='bbox 646 1054 677 1107; x_wconf 87' lang='lat' dir='ltr'><em>ui</em></span> <span class='ocrx_word' id='word_1_108' title='bbox 700 1056 828 1116; x_wconf 78' lang='lat' dir='ltr'><em>termine,</em></span> <span class='ocrx_word' id='word_1_109' title='bbox 850 1059 1010 1113; x_wconf 83' lang='lat' dir='ltr'><em>iunioris</em></span> <span class='ocrx_word' id='word_1_110' title='bbox 1038 1059 1258 1130; x_wconf 74' lang='lat' dir='ltr'><em>philosophi</em></span> 
     </span>
    </p>

    <p class='ocr_par' dir='ltr' id='par_1_5' title="bbox 57 1077 1258 2346">
     <span class='ocr_line' id='line_1_13' title="bbox 112 1077 1257 1197; baseline 0.002 -14"><span class='ocrx_word' id='word_1_111' title='bbox 112 1132 232 1184; x_wconf 82' lang='lat' dir='ltr'><em>torius</em></span> <span class='ocrx_word' id='word_1_112' title='bbox 260 1129 352 1182; x_wconf 82' lang='lat' dir='ltr'><em>orbis</em></span> <span class='ocrx_word' id='word_1_113' title='bbox 379 1124 589 1197; x_wconf 72' lang='lat' dir='ltr'><em>descriptio.</em></span> <span class='ocrx_word' id='word_1_114' title='bbox 627 1077 751 1195; x_wconf 66' lang='lat' dir='ltr'><em>ilenique</em></span> <span class='ocrx_word' id='word_1_115' title='bbox 778 1131 937 1183; x_wconf 86' lang='lat' dir='ltr'><em>Muratorins</em></span> <span class='ocrx_word' id='word_1_116' title='bbox 963 1134 992 1186; x_wconf 89' lang='lat' dir='ltr'><em>S.</em></span> <span class='ocrx_word' id='word_1_117' title='bbox 1010 1133 1046 1184; x_wconf 85' lang='lat' dir='ltr'><em>R.</em></span> <span class='ocrx_word' id='word_1_118' title='bbox 1064 1133 1085 1183; x_wconf 85' lang='grc' dir='ltr'><em>Ι.</em></span> <span class='ocrx_word' id='word_1_119' title='bbox 1113 1137 1176 1184; x_wconf 88' lang='lat' dir='ltr'><em>tom.</em></span> <span class='ocrx_word' id='word_1_120' title='bbox 1197 1133 1257 1185; x_wconf 81' lang='lat' dir='ltr'><em>vll.</em></span> 
     </span>
     <span class='ocr_line' id='line_1_14' title="bbox 113 1199 1258 1277; baseline 0.002 -21"><span class='ocrx_word' id='word_1_121' title='bbox 113 1222 140 1275; x_wconf 84' lang='lat' dir='ltr'><em>p.</em></span> <span class='ocrx_word' id='word_1_122' title='bbox 160 1208 213 1256; x_wconf 84' lang='lat'><em>915</em></span> <span class='ocrx_word' id='word_1_123' title='bbox 232 1218 266 1254; x_wconf 78' lang='lat' dir='ltr'><em>ex</em></span> <span class='ocrx_word' id='word_1_124' title='bbox 285 1200 490 1277; x_wconf 72' lang='lat' dir='ltr'><em>eodem-codice</em></span> <span class='ocrx_word' id='word_1_125' title='bbox 506 1199 645 1254; x_wconf 83' lang='lat' dir='ltr'><em>chronicon</em></span> <span class='ocrx_word' id='word_1_126' title='bbox 663 1200 781 1267; x_wconf 70' lang='lat' dir='ltr'><em>(lavante</em></span> <span class='ocrx_word' id='word_1_127' title='bbox 798 1203 952 1270; x_wconf 76' lang='lat' dir='ltr'><em>divulgavit,</em></span> <span class='ocrx_word' id='word_1_128' title='bbox 970 1204 1017 1255; x_wconf 87' lang='lat' dir='ltr'><em>sed</em></span> <span class='ocrx_word' id='word_1_129' title='bbox 1036 1210 1123 1256; x_wconf 87' lang='lat' dir='ltr'><em>tamen</em></span> <span class='ocrx_word' id='word_1_130' title='bbox 1141 1221 1258 1271; x_wconf 53' lang='lat' dir='ltr'><em>geogra*</em></span> 
     </span>
     <span class='ocr_line' id='line_1_15' title="bbox 115 1264 1257 1345; baseline 0 -18"><span class='ocrx_word' id='word_1_131' title='bbox 115 1275 219 1345; x_wconf 82' lang='lat' dir='ltr'><em>phicum</em></span> <span class='ocrx_word' id='word_1_132' title='bbox 235 1268 374 1329; x_wconf 83' lang='lat' dir='ltr'><em>tractatum</em></span> <span class='ocrx_word' id='word_1_133' title='bbox 392 1266 429 1327; x_wconf 90' lang='lat' dir='ltr'><em>ibi</em></span> <span class='ocrx_word' id='word_1_134' title='bbox 446 1266 533 1324; x_wconf 81' lang='lat' dir='ltr'><em>inesse</em></span> <span class='ocrx_word' id='word_1_135' title='bbox 551 1272 669 1324; x_wconf 77' lang='lat' dir='ltr'><em>nescivit.</em></span> <span class='ocrx_word' id='word_1_136' title='bbox 695 1264 764 1338; x_wconf 70' lang='lat' dir='ltr'><em>Ego</em></span> <span class='ocrx_word' id='word_1_137' title='bbox 781 1290 844 1326; x_wconf 84' lang='lat' dir='ltr'><em>vero</em></span> <span class='ocrx_word' id='word_1_138' title='bbox 862 1276 895 1328; x_wconf 88' lang='lat' dir='ltr'><em>de</em></span> <span class='ocrx_word' id='word_1_139' title='bbox 913 1274 963 1327; x_wconf 85' lang='lat' dir='ltr'><em>hoc</em></span> <span class='ocrx_word' id='word_1_140' title='bbox 982 1277 1125 1343; x_wconf 89' lang='lat' dir='ltr'><em>opusculo,</em></span> <span class='ocrx_word' id='word_1_141' title='bbox 1147 1285 1178 1329; x_wconf 87' lang='lat' dir='ltr'><em>nt</em></span> <span class='ocrx_word' id='word_1_142' title='bbox 1195 1276 1257 1341; x_wconf 81' lang='lat' dir='ltr'><em>dixi,</em></span> 
     </span>
     <span class='ocr_line' id='line_1_16' title="bbox 113 1343 1257 1412; baseline 0 -13"><span class='ocrx_word' id='word_1_143' title='bbox 113 1346 249 1411; x_wconf 84' lang='lat' dir='ltr'><em>meditans,</em></span> <span class='ocrx_word' id='word_1_144' title='bbox 272 1345 387 1412; x_wconf 88' lang='lat' dir='ltr'><em>comperi</em></span> <span class='ocrx_word' id='word_1_145' title='bbox 409 1343 436 1395; x_wconf 91' lang='lat' dir='ltr'><em>id</em></span> <span class='ocrx_word' id='word_1_146' title='bbox 458 1344 506 1396; x_wconf 86' lang='lat' dir='ltr'><em>abs</em></span> <span class='ocrx_word' id='word_1_147' title='bbox 527 1343 624 1397; x_wconf 89' lang='lat' dir='ltr'><em>Iacobo</em></span> <span class='ocrx_word' id='word_1_148' title='bbox 645 1343 810 1398; x_wconf 83' lang='lat' dir='ltr'><em>Gothoiredo</em></span> <span class='ocrx_word' id='word_1_149' title='bbox 834 1362 901 1399; x_wconf 86' lang='lat' dir='ltr'><em>anuo</em></span> <span class='ocrx_word' id='word_1_150' title='bbox 936 1347 1131 1400; x_wconf 84' lang='lat' dir='ltr'>MDCXXVIII</span> <span class='ocrx_word' id='word_1_151' title='bbox 1166 1349 1257 1399; x_wconf 88' lang='lat' dir='ltr'><em>Gene-</em></span> 
     </span>
     <span class='ocr_line' id='line_1_17' title="bbox 114 1416 1257 1487; baseline 0.001 -16"><span class='ocrx_word' id='word_1_152' title='bbox 114 1435 162 1471; x_wconf 84' lang='lat' dir='ltr'><em>vae</em></span> <span class='ocrx_word' id='word_1_153' title='bbox 184 1419 277 1486; x_wconf 86' lang='lat' dir='ltr'><em>partim</em></span> <span class='ocrx_word' id='word_1_154' title='bbox 296 1417 394 1469; x_wconf 88' lang='lat' dir='ltr'><em>editum</em></span> <span class='ocrx_word' id='word_1_155' title='bbox 422 1429 527 1480; x_wconf 79' lang='lat' dir='ltr'><em>graece</em></span> <span class='ocrx_word' id='word_1_156' title='bbox 549 1416 691 1480; x_wconf 79' lang='lat' dir='ltr'><em>etlatine3</em></span> <span class='ocrx_word' id='word_1_157' title='bbox 716 1417 763 1468; x_wconf 84' lang='lat' dir='ltr'><em>aad</em></span> <span class='ocrx_word' id='word_1_158' title='bbox 788 1419 871 1484; x_wconf 85' lang='lat' dir='ltr'><em>primo</em></span> <span class='ocrx_word' id='word_1_159' title='bbox 897 1418 1062 1487; x_wconf 83' lang='lat' dir='ltr'><em>acephalum,</em></span> <span class='ocrx_word' id='word_1_160' title='bbox 1081 1420 1141 1485; x_wconf 89' lang='lat' dir='ltr'><em>quia</em></span> <span class='ocrx_word' id='word_1_161' title='bbox 1165 1420 1257 1473; x_wconf 87' lang='lat' dir='ltr'><em>deerat</em></span> 
     </span>
     <span class='ocr_line' id='line_1_18' title="bbox 114 1487 1257 1559; baseline 0 -17"><span class='ocrx_word' id='word_1_162' title='bbox 114 1491 140 1543; x_wconf 84' lang='lat' dir='ltr'><em>ei</em></span> <span class='ocrx_word' id='word_1_163' title='bbox 159 1491 251 1542; x_wconf 85' lang='lat' dir='ltr'><em>titulus</em></span> <span class='ocrx_word' id='word_1_164' title='bbox 277 1489 364 1556; x_wconf 83' lang='lat' dir='ltr'><em>operis</em></span> <span class='ocrx_word' id='word_1_165' title='bbox 385 1491 413 1538; x_wconf 85' lang='lat' dir='ltr'><em>et</em></span> <span class='ocrx_word' id='word_1_166' title='bbox 437 1487 566 1551; x_wconf 85' lang='lat' dir='ltr'><em>auctoris,</em></span> <span class='ocrx_word' id='word_1_167' title='bbox 597 1503 708 1554; x_wconf 84' lang='lat' dir='ltr'><em>parsque</em></span> <span class='ocrx_word' id='word_1_168' title='bbox 732 1490 810 1540; x_wconf 86' lang='lat' dir='ltr'><em>etiam</em></span> <span class='ocrx_word' id='word_1_169' title='bbox 830 1489 911 1559; x_wconf 84' lang='lat' dir='ltr'><em>ipsius</em></span> <span class='ocrx_word' id='word_1_170' title='bbox 941 1491 1026 1558; x_wconf 86' lang='lat' dir='ltr'><em>operis</em></span> <span class='ocrx_word' id='word_1_171' title='bbox 1050 1507 1134 1556; x_wconf 86' lang='lat' dir='ltr'><em>nsque</em></span> <span class='ocrx_word' id='word_1_172' title='bbox 1160 1492 1196 1543; x_wconf 90' lang='lat' dir='ltr'><em>ad</em></span> <span class='ocrx_word' id='word_1_173' title='bbox 1218 1492 1257 1543; x_wconf 93' lang='lat' dir='ltr'><em>lo-</em></span> 
     </span>
     <span class='ocr_line' id='line_1_19' title="bbox 114 1556 1256 1629; baseline 0.002 -17"><span class='ocrx_word' id='word_1_174' title='bbox 114 1577 173 1614; x_wconf 89' lang='lat' dir='ltr'><em>cum</em></span> <span class='ocrx_word' id='word_1_175' title='bbox 194 1563 239 1627; x_wconf 86' lang='lat' dir='ltr'><em>qui</em></span> <span class='ocrx_word' id='word_1_176' title='bbox 260 1559 366 1610; x_wconf 82' lang='lat' dir='ltr'><em>anobis</em></span> <span class='ocrx_word' id='word_1_177' title='bbox 387 1556 453 1609; x_wconf 86' lang='lat' dir='ltr'><em>inira</em></span> <span class='ocrx_word' id='word_1_178' title='bbox 470 1558 641 1623; x_wconf 78' lang='lat' dir='ltr'><em>indicabitur3</em></span> <span class='ocrx_word' id='word_1_179' title='bbox 663 1559 756 1612; x_wconf 87' lang='lat' dir='ltr'><em>deinde</em></span> <span class='ocrx_word' id='word_1_180' title='bbox 779 1560 874 1612; x_wconf 86' lang='lat' dir='ltr'><em>latinus</em></span> <span class='ocrx_word' id='word_1_181' title='bbox 896 1568 983 1613; x_wconf 85' lang='lat' dir='ltr'><em>textus</em></span> <span class='ocrx_word' id='word_1_182' title='bbox 1004 1578 1110 1629; x_wconf 87' lang='lat' dir='ltr'><em>prorsus</em></span> <span class='ocrx_word' id='word_1_183' title='bbox 1131 1571 1256 1616; x_wconf 86' lang='lat' dir='ltr'><em>anostra</em></span> 
     </span>
     <span class='ocr_line' id='line_1_20' title="bbox 57 1628 1256 1706; baseline 0.002 -21"><span class='ocrx_word' id='word_1_184' title='bbox 57 1694 60 1706; x_wconf 32' lang='grc'>1</span> <span class='ocrx_word' id='word_1_185' title='bbox 114 1632 238 1685; x_wconf 80' lang='lat' dir='ltr'><em>laudabili</em></span> <span class='ocrx_word' id='word_1_186' title='bbox 260 1630 377 1682; x_wconf 82' lang='lat' dir='ltr'><em>diversus</em></span> <span class='ocrx_word' id='word_1_187' title='bbox 396 1628 465 1696; x_wconf 89' lang='lat' dir='ltr'><em>apud</em></span> <span class='ocrx_word' id='word_1_188' title='bbox 488 1628 677 1685; x_wconf 87' lang='lat' dir='ltr'><em>Gothoiredum</em></span> <span class='ocrx_word' id='word_1_189' title='bbox 697 1637 754 1694; x_wconf 85' lang='lat' dir='ltr'><em>est,</em></span> <span class='ocrx_word' id='word_1_190' title='bbox 772 1631 897 1684; x_wconf 83' lang='lat' dir='ltr'><em>barbarus</em></span> <span class='ocrx_word' id='word_1_191' title='bbox 917 1634 1031 1698; x_wconf 82' lang='lat' dir='ltr'><em>seilicet,</em></span> <span class='ocrx_word' id='word_1_192' title='bbox 1051 1634 1188 1702; x_wconf 78' lang='lat' dir='ltr'><em>pessimus,</em></span> <span class='ocrx_word' id='word_1_193' title='bbox 1210 1635 1256 1688; x_wconf 91' lang='lat' dir='ltr'><em>de-</em></span> 
     </span>
     <span class='ocr_line' id='line_1_21' title="bbox 115 1700 1257 1772; baseline 0.003 -16"><span class='ocrx_word' id='word_1_194' title='bbox 115 1704 214 1769; x_wconf 84' lang='lat' dir='ltr'><em>formis,</em></span> <span class='ocrx_word' id='word_1_195' title='bbox 240 1703 357 1770; x_wconf 79' lang='lat' dir='ltr'><em>ineptus,</em></span> <span class='ocrx_word' id='word_1_196' title='bbox 383 1700 584 1767; x_wconf 81' lang='lat' dir='ltr'><em>inextricabilis,</em></span> <span class='ocrx_word' id='word_1_197' title='bbox 617 1702 651 1759; x_wconf 82' lang='lat' dir='ltr'><em>ub</em></span> <span class='ocrx_word' id='word_1_198' title='bbox 680 1701 783 1771; x_wconf 83' lang='lat' dir='ltr'><em>homine</em></span> <span class='ocrx_word' id='word_1_199' title='bbox 803 1718 897 1772; x_wconf 83' lang='lat' dir='ltr'><em>nempe</em></span> <span class='ocrx_word' id='word_1_200' title='bbox 924 1706 1136 1772; x_wconf 72' lang='lat' dir='ltr'><em>profectusum,</em></span> <span class='ocrx_word' id='word_1_201' title='bbox 1167 1711 1199 1758; x_wconf 91' lang='lat' dir='ltr'><em>ut</em></span> <span class='ocrx_word' id='word_1_202' title='bbox 1221 1709 1257 1759; x_wconf 87' lang='lat' dir='ltr'><em>ait</em></span> 
     </span>
     <span class='ocr_line' id='line_1_22' title="bbox 115 1773 1256 1845; baseline 0.002 -16"><span class='ocrx_word' id='word_1_203' title='bbox 115 1773 309 1845; x_wconf 73' lang='lat' dir='ltr'><em>Gothoiredsis,</em></span> <span class='ocrx_word' id='word_1_204' title='bbox 334 1788 418 1838; x_wconf 88' lang='lat' dir='ltr'><em>neque</em></span> <span class='ocrx_word' id='word_1_205' title='bbox 437 1781 542 1839; x_wconf 77' lang='lat' dir='ltr'><em>graece’</em></span> <span class='ocrx_word' id='word_1_206' title='bbox 561 1789 646 1840; x_wconf 88' lang='lat' dir='ltr'><em>neque</em></span> <span class='ocrx_word' id='word_1_207' title='bbox 668 1773 754 1841; x_wconf 28' lang='lat' dir='ltr'><em>latine·</em></span> <span class='ocrx_word' id='word_1_208' title='bbox 770 1775 877 1838; x_wconf 84' lang='lat' dir='ltr'><em>sciebat.</em></span> <span class='ocrx_word' id='word_1_209' title='bbox 923 1777 1045 1831; x_wconf 88' lang='lat' dir='ltr'><em>Codieem</em></span> <span class='ocrx_word' id='word_1_210' title='bbox 1069 1778 1256 1845; x_wconf 77' lang='lat' dir='ltr'><em>corruptissimi</em></span> 
     </span>
     <span class='ocr_line' id='line_1_23' title="bbox 59 1843 1256 1919; baseline 0.004 -21"><span class='ocrx_word' id='word_1_211' title='bbox 59 1844 77 1898; x_wconf 83' lang='grc'><em>,’</em></span> <span class='ocrx_word' id='word_1_212' title='bbox 114 1849 203 1917; x_wconf 82' lang='lat' dir='ltr'><em>operio</em></span> <span class='ocrx_word' id='word_1_213' title='bbox 221 1845 311 1917; x_wconf 80' lang='lat' dir='ltr'><em>habuit</em></span> <span class='ocrx_word' id='word_1_214' title='bbox 330 1844 392 1919; x_wconf 76' lang='lat' dir='ltr'><em>oiim</em></span> <span class='ocrx_word' id='word_1_215' title='bbox 409 1843 437 1895; x_wconf 89' lang='lat' dir='ltr'><em>in</em></span> <span class='ocrx_word' id='word_1_216' title='bbox 459 1844 545 1917; x_wconf 74' lang='lat' dir='ltr'><em>Gallia</em></span> <span class='ocrx_word' id='word_1_217' title='bbox 567 1844 598 1899; x_wconf 82' lang='lat' dir='ltr'><em>F.</em></span> <span class='ocrx_word' id='word_1_218' title='bbox 615 1845 735 1911; x_wconf 75' lang='lat' dir='ltr'><em>Iunctus,</em></span> <span class='ocrx_word' id='word_1_219' title='bbox 758 1847 831 1898; x_wconf 88' lang='lat' dir='ltr'><em>cuius</em></span> <span class='ocrx_word' id='word_1_220' title='bbox 850 1847 1027 1916; x_wconf 82' lang='lat' dir='ltr'><em>apographum</em></span> <span class='ocrx_word' id='word_1_221' title='bbox 1047 1849 1081 1901; x_wconf 88' lang='lat' dir='ltr'><em>ad</em></span> <span class='ocrx_word' id='word_1_222' title='bbox 1100 1849 1256 1903; x_wconf 81' lang='lat' dir='ltr'><em>salmasium</em></span> 
     </span>
     <span class='ocr_line' id='line_1_24' title="bbox 116 1912 1257 1991; baseline 0.003 -20"><span class='ocrx_word' id='word_1_223' title='bbox 116 1919 233 1991; x_wconf 67' lang='lat' dir='ltr'><em>trunoiit,</em></span> <span class='ocrx_word' id='word_1_224' title='bbox 259 1914 304 1987; x_wconf 72' lang='lat' dir='ltr'><em>oui</em></span> <span class='ocrx_word' id='word_1_225' title='bbox 332 1915 388 1989; x_wconf 75' lang='lat' dir='ltr'><em>eina</em></span> <span class='ocrx_word' id='word_1_226' title='bbox 417 1912 457 1977; x_wconf 79' lang='lat' dir='ltr'><em>bis</em></span> <span class='ocrx_word' id='word_1_227' title='bbox 477 1916 594 1968; x_wconf 86' lang='lat' dir='ltr'><em>meminit</em></span> <span class='ocrx_word' id='word_1_228' title='bbox 611 1917 638 1968; x_wconf 93' lang='lat' dir='ltr'><em>in</em></span> <span class='ocrx_word' id='word_1_229' title='bbox 661 1918 730 1969; x_wconf 84' lang='lat' dir='ltr'><em>notis</em></span> <span class='ocrx_word' id='word_1_230' title='bbox 747 1916 779 1969; x_wconf 89' lang='lat' dir='ltr'><em>ad</em></span> <span class='ocrx_word' id='word_1_231' title='bbox 803 1919 922 1971; x_wconf 87' lang='lat' dir='ltr'><em>Solinum</em></span> <span class='ocrx_word' id='word_1_232' title='bbox 953 1938 980 1987; x_wconf 86' lang='lat' dir='ltr'><em>p.</em></span> <span class='ocrx_word' id='word_1_233' title='bbox 997 1925 1051 1976; x_wconf 83' lang='grc'><em>986</em></span> <span class='ocrx_word' id='word_1_234' title='bbox 1078 1926 1106 1972; x_wconf 86' lang='lat' dir='ltr'><em>et</em></span> <span class='ocrx_word' id='word_1_235' title='bbox 1133 1922 1214 1981; x_wconf 74' lang='lat'><strong>1299.</strong></span> <span class='ocrx_word' id='word_1_236' title='bbox 1229 1924 1257 1974; x_wconf 76' lang='grc' dir='ltr'><em>,Α</em></span> 
     </span>
     <span class='ocr_line' id='line_1_25' title="bbox 110 1982 1256 2057; baseline 0.008 -21"><span class='ocrx_word' id='word_1_237' title='bbox 110 1992 246 2057; x_wconf 64' lang='lat' dir='ltr'><em>¹Salmonis&gt;</em></span> <span class='ocrx_word' id='word_1_238' title='bbox 266 1989 367 2056; x_wconf 78' lang='lat' dir='ltr'><em>accepit</em></span> <span class='ocrx_word' id='word_1_239' title='bbox 380 1982 563 2043; x_wconf 76' lang='lat' dir='ltr'><em>‚Gothoiredus</em></span> <span class='ocrx_word' id='word_1_240' title='bbox 589 1987 688 2052; x_wconf 86' lang='lat' dir='ltr'><em>editor,</em></span> <span class='ocrx_word' id='word_1_241' title='bbox 710 1988 754 2055; x_wconf 89' lang='lat' dir='ltr'><em>qni</em></span> <span class='ocrx_word' id='word_1_242' title='bbox 779 1988 814 2043; x_wconf 87' lang='lat' dir='ltr'><em>de</em></span> <span class='ocrx_word' id='word_1_243' title='bbox 830 1990 944 2043; x_wconf 80' lang='lat' dir='ltr'><em>auctoris</em></span> <span class='ocrx_word' id='word_1_244' title='bbox 967 1993 1069 2044; x_wconf 89' lang='lat' dir='ltr'><em>nomine</em></span> <span class='ocrx_word' id='word_1_245' title='bbox 1088 1992 1186 2045; x_wconf 80' lang='lat' dir='ltr'><em>frustra</em></span> <span class='ocrx_word' id='word_1_246' title='bbox 1205 1993 1256 2045; x_wconf 83' lang='lat' dir='ltr'><em>dis-</em></span> 
     </span>
     <span class='ocr_line' id='line_1_26' title="bbox 58 2057 1257 2135; baseline 0.003 -22"><span class='ocrx_word' id='word_1_247' title='bbox 58 2104 62 2113; x_wconf 90' lang='lat'><em>.</em></span> <span class='ocrx_word' id='word_1_248' title='bbox 114 2062 241 2129; x_wconf 70' lang='lat' dir='ltr'><em>uniuivit3</em></span> <span class='ocrx_word' id='word_1_249' title='bbox 270 2075 338 2112; x_wconf 91' lang='lat' dir='ltr'><em>nnnc</em></span> <span class='ocrx_word' id='word_1_250' title='bbox 359 2062 446 2112; x_wconf 84' lang='lat' dir='ltr'><em>autem</em></span> <span class='ocrx_word' id='word_1_251' title='bbox 466 2057 597 2135; x_wconf 74' lang='lat' dir='ltr'><em>&#39;iuniorem</em></span> <span class='ocrx_word' id='word_1_252' title='bbox 613 2058 801 2127; x_wconf 74' lang='lat' dir='ltr'><em>philosophum</em></span> <span class='ocrx_word' id='word_1_253' title='bbox 819 2063 951 2129; x_wconf 86' lang='lat' dir='ltr'><em>appellare</em></span> <span class='ocrx_word' id='word_1_254' title='bbox 975 2064 1164 2131; x_wconf 79' lang='lat' dir='ltr'><em>semetipsum</em></span> <span class='ocrx_word' id='word_1_255' title='bbox 1185 2064 1257 2119; x_wconf 89' lang='lat' dir='ltr'><em>vidc-</em></span> 
     </span>
     <span class='ocr_line' id='line_1_27' title="bbox 74 2128 1257 2204; baseline 0.003 -18"><span class='ocrx_word' id='word_1_256' title='bbox 74 2185 82 2193; x_wconf 76' lang='grc'>,</span> <span class='ocrx_word' id='word_1_257' title='bbox 117 2148 190 2199; x_wconf 80' lang='lat' dir='ltr'><em>mus,</em></span> <span class='ocrx_word' id='word_1_258' title='bbox 224 2128 556 2203; x_wconf 67' lang='lat' dir='ltr'><em>quin&#39;nimirumrespicit</em></span> <span class='ocrx_word' id='word_1_259' title='bbox 577 2129 611 2191; x_wconf 83' lang='lat' dir='ltr'><em>ad</em></span> <span class='ocrx_word' id='word_1_260' title='bbox 636 2130 792 2197; x_wconf 77' lang='lat' dir='ltr'><em>antiquiores</em></span> <span class='ocrx_word' id='word_1_261' title='bbox 819 2149 835 2184; x_wconf 91' lang='lat' dir='ltr'><em>a</em></span> <span class='ocrx_word' id='word_1_262' title='bbox 863 2149 893 2185; x_wconf 81' lang='lat' dir='ltr'><em>ae</em></span> <span class='ocrx_word' id='word_1_263' title='bbox 922 2136 1066 2189; x_wconf 88' lang='lat' dir='ltr'><em>nominatos</em></span> <span class='ocrx_word' id='word_1_264' title='bbox 1090 2134 1257 2204; x_wconf 74' lang='lat' dir='ltr'><em>philosophos</em></span> 
     </span>
     <span class='ocr_line' id='line_1_28' title="bbox 117 2198 1258 2277; baseline 0.002 -19"><span class='ocrx_word' id='word_1_265' title='bbox 117 2198 247 2260; x_wconf 84' lang='lat' dir='ltr'><em>Berosum</em></span> <span class='ocrx_word' id='word_1_266' title='bbox 279 2200 359 2268; x_wconf 77' lang='lat' dir='ltr'><em>atque</em></span> <span class='ocrx_word' id='word_1_267' title='bbox 388 2201 563 2269; x_wconf 53' lang='lat' dir='ltr'><em>Apollonium.</em></span> <span class='ocrx_word' id='word_1_268' title='bbox 607 2201 731 2277; x_wconf 82' lang='lat' dir='ltr'><em>Ceterum</em></span> <span class='ocrx_word' id='word_1_269' title='bbox 755 2209 827 2256; x_wconf 87' lang='lat' dir='ltr'><em>recte</em></span> <span class='ocrx_word' id='word_1_270' title='bbox 863 2204 1049 2258; x_wconf 79' lang='lat' dir='ltr'><em>demonstravit</em></span> <span class='ocrx_word' id='word_1_271' title='bbox 1080 2205 1258 2260; x_wconf 82' lang='lat' dir='ltr'><em>Gothoiradua</em></span> 
     </span>
     <span class='ocr_line' id='line_1_29' title="bbox 116 2271 1257 2346; baseline 0.005 -19"><span class='ocrx_word' id='word_1_272' title='bbox 116 2277 213 2329; x_wconf 82' lang='lat' dir='ltr'><em>vixisse</em></span> <span class='ocrx_word' id='word_1_273' title='bbox 229 2275 296 2329; x_wconf 85' lang='lat' dir='ltr'><em>hunc</em></span> <span class='ocrx_word' id='word_1_274' title='bbox 316 2276 450 2329; x_wconf 85' lang='lat' dir='ltr'><em>auctorem</em></span> <span class='ocrx_word' id='word_1_275' title='bbox 468 2271 517 2323; x_wconf 84' lang='lat' dir='ltr'><em>sub</em></span> <span class='ocrx_word' id='word_1_276' title='bbox 539 2272 696 2340; x_wconf 83' lang='lat' dir='ltr'><em>imperatore</em></span> <span class='ocrx_word' id='word_1_277' title='bbox 719 2273 879 2340; x_wconf 81' lang='lat' dir='ltr'><em>Constantio,</em></span> <span class='ocrx_word' id='word_1_278' title='bbox 905 2277 1066 2335; x_wconf 84' lang='lat' dir='ltr'><em>Constantini</em></span> <span class='ocrx_word' id='word_1_279' title='bbox 1081 2279 1180 2346; x_wconf 75' lang='lat' dir='ltr'><em>magui</em></span> <span class='ocrx_word' id='word_1_280' title='bbox 1198 2281 1257 2344; x_wconf 83' lang='lat' dir='ltr'><em>filio,</em></span> 
     </span>
    </p>
   </div>
   <div class='ocr_carea' id='block_1_4' title="bbox 24 2338 940 2418">
    <p class='ocr_par' dir='ltr' id='par_1_6' title="bbox 24 2338 940 2418">
     <span class='ocr_line' id='line_1_30' title="bbox 24 2338 940 2418; baseline -0.002 -14"><span class='ocrx_word' id='word_1_281' title='bbox 24 2397 28 2404; x_wconf 91' lang='lat'><em>.</em></span> <span class='ocrx_word' id='word_1_282' title='bbox 121 2348 151 2417; x_wconf 44' lang='lat' dir='ltr'><em>io,</em></span> <span class='ocrx_word' id='word_1_283' title='bbox 170 2347 240 2418; x_wconf 88' lang='lat' dir='ltr'><em>quod</em></span> <span class='ocrx_word' id='word_1_284' title='bbox 267 2361 315 2400; x_wconf 78' lang='lat' dir='ltr'><em>noa</em></span> <span class='ocrx_word' id='word_1_285' title='bbox 338 2348 442 2415; x_wconf 85' lang='lat' dir='ltr'><em>quo&#39;que</em></span> <span class='ocrx_word' id='word_1_286' title='bbox 465 2338 519 2407; x_wconf 77' lang='lat' dir='ltr'><em>suis</em></span> <span class='ocrx_word' id='word_1_287' title='bbox 545 2353 607 2416; x_wconf 86' lang='lat' dir='ltr'><em>apte</em></span> <span class='ocrx_word' id='word_1_288' title='bbox 626 2346 691 2400; x_wconf 87' lang='lat' dir='ltr'><em>locis</em></span> <span class='ocrx_word' id='word_1_289' title='bbox 706 2345 793 2416; x_wconf 86' lang='lat' dir='ltr'><em>palam</em></span> <span class='ocrx_word' id='word_1_290' title='bbox 807 2345 940 2415; x_wconf 79' lang='lat' dir='ltr'><em>iaciemus.</em></span> 
     </span>
    </p>
   </div>
   <div class='ocr_carea' id='block_1_5' title="bbox 0 0 1353 4606">
    <p class='ocr_par' dir='ltr' id='par_1_7' title="bbox 0 0 1353 4606">
     <span class='ocr_line' id='line_1_31' title="bbox 0 0 1353 4606; baseline 0 0"><span class='ocrx_word' id='word_1_291' title='bbox 0 0 1353 4606; x_wconf 95' lang='lat' dir='ltr'><em> </em></span> 
     </span>
    </p>
   </div>
  </div>
 </body>
</html>
