2684 4606
79 248 85 265 .
125 206 170 273 r?
511 220 617 278 osus
655 205 890 314 assemano.

127 376 203 444 cibo
222 380 333 446 rireilis
354 380 493 447 utuntur
512 394 546 448 et
564 384 710 473 piperis=
739 385 906 451 Camerini
938 394 1046 448 autem
1070 394 1144 474 supt

126 466 234 549 bona,
265 468 351 532 sieut
379 479 454 534 ante
482 467 651 554 diximus,
693 482 726 537 et
752 495 873 575 panem
903 471 1077 539 caelestem
1109 494 1144 539 ao

125 552 349 627 cotidianum
386 555 464 645 quia
492 579 554 621 nee
582 556 631 620 ira
663 581 725 623 nee
754 558 913 625 rudit-ium
941 579 1003 620 nee
1025 556 1144 644 cupidi

124 638 196 703 rixa
217 662 279 704 noe
301 639 447 731 dolus-a)
475 653 531 706 est
541 643 633 732 -apud
655 641 731 709 illos
752 668 812 710 nee
843 642 978 732 aliquod
998 641 1144 708 malum.-

208 753 243 817 9.
288 753 353 817 llis
382 752 507 817 adiacet
530 756 621 845 regio
646 754 780 845 Dysap,
816 776 913 844 quam
945 766 1065 843 regunt
1086 756 1144 821 inb

123 848 194 941 tes,
227 839 391 926 quomodo
405 847 447 947 ‘ret
468 838 580 904 vieini.
625 838 687 906 Est
714 852 823 906 autem
855 842 934 904 liaeo
955 840 1048 930 regio
1092 840 1143 909 CC

125 947 271 990 srouum.

171 1022 175 1027 Ι
207 1026 389 1139 lostost
409 1038 490 1104 iraee
512 1063 592 1129 gaus
616 1063 700 1129 quae
720 1038 904 1127 appellatur
936 1024 1143 1111 Choneum'}

122 1120 175 1184 ius
196 1122 347 1188 hommes
370 1124 485 1189 eodem
506 1124 603 1190 modo
636 1125 783 1191 viventes
805 1125 847 1188 ad
868 1123 1120 1189 similitudinem

123 1230 218 1271 ruma
253 1218 303 1274 est
325 1208 414 1274 enim
434 1219 514 1299 aput
536 1233 593 1276 eos
616 1209 808 1278 indifferens
830 1209 906 1275 vita.
965 1208 1127 1275 Habitant

122 1291 254 1359 CXXX
285 1294 505 1369 mansionum.

208 1409 262 1473 ld.
285 1392 288 1397 ¹
307 1392 440 1475 Deinde
467 1408 553 1476 Dira
574 1408 604 1501 c)
633 1432 737 1498 gens,
769 1433 853 1500 quae
876 1408 1029 1474 similiter
1048 1434 1069 1474 a
1090 1434 1142 1477 ma

120 1490 267 1584 regitur,
295 1493 421 1559 habens
442 1506 562 1560 terram
591 1497 802 1562 mansionum
844 1494 983 1561 CCXX.

123 1623 131 1642 ‘
205 1610 262 1674 12.
308 1608 467 1698 Sequitur
482 1607 577 1675 India
598 1610 723 1693 maior,
758 1610 845 1673 unde
879 1608 1020 1672 sericum
1040 1602 1072 1698 d)
1091 1617 1141 1670 -et

120 1694 314 1781 necessaria
336 1695 427 1759 exire
452 1694 617 1759 dicuntur.
663 1696 711 1760 Hi
744 1692 896 1760 similiter
923 1690 1142 1782 proximorum

119 1779 296 1864 viventes‚·
314 1781 400 1847 bene
420 1781 522 1846 transi
547 1791 626 1869 unt,
658 1792 691 1847 et
711 1782 859 1845 habitant
878 1790 980 1843 terras
1002 1802 1138 1870 magnas

23 1914 25 1919 -
118 1874 179 1931 n‘as
216 1866 424 1933 mansionum
466 1866 493 1931 C
567 1913 575 1929 .
611 1866 760 1950 ‘Quibus
789 1867 914 1931 adiaoet
947 1867 1029 1930 foris
1057 1890 1124 1931 uua

120 1976 205 2055 quae
228 1953 355 2018 dieitur·
370 1954 472 2017 fortes
494 1952 615 2017 hahere
630 1954 719 2017 viros
741 1964 774 2017 et
794 1953 888 2018 valde
910 1951 1129 2018 industriosos

118 2038 162 2104 hs
174 2085 185 2123 ,
208 2049 241 2103 ot
261 2038 297 2105 in
319 2037 473 2104 omnibus
495 2038 614 2103 utiles=
646 2039 734 2103 unde
755 2038 850 2104 India
870 2037 979 2101 minor
1000 2040 1084 2127 petit
1104 2062 1141 2107 au

77 2144 80 2151 ·
145 2125 277 2190 uotiens
299 2125 331 2190 ei
350 2151 369 2190 a
390 2123 502 2189 Persis
523 2124 648 2190 bellum
670 2135 837 2190 moratura
869 2124 927 2211 qui
956 2125 1111 2189 omuibus
1139 2127 1141 2189 ]

119 2149 220 2294 dant,
247 2221 280 2277 et
301 2211 450 2276 habitant
469 2218 589 2276 terram
622 2209 688 2303 ¹CL
737 2210 956 2276 mansionum.

203 2324 257 2389 13.
302 2322 384 2389 Post
403 2325 464 2390 bos
495 2335 545 2391 est
571 2324 666 2390 India
694 2326 821 2409 minor,
856 2324 950 2390 euius
985 2345 1065 2409 gens
1095 2346 1141 2411 rep

117 2408 309 2475 maioribus.
365 2410 427 2475 Est
455 2422 562 2475 autem
588 2421 679 2501 aput
720 2437 776 2477 eos
809 2412 1057 2498 elephantorum
1092 2408 1142 2472 inr

118 2495 305 2560 multitudo.
349 2496 405 2560 Ab
425 2497 478 2561 his
501 2497 621 2562 Persae
642 2498 809 2588 accipiunt
827 2499 1038 2585 elephantos:
1063 2504 1096 2557 et
1118 2497 1141 2558 h

119 2592 238 2647 terram
279 2580 347 2646 XV
368 2584 586 2649 mansionum.

201 2695 258 2760 M.
305 2696 386 2760 Post
422 2696 483 2762 hos
523 2707 601 2761 sunt
634 2695 756 2760 Persae
795 2695 953 2760 Romanis
987 2694 1141 2784 propinqr

119 2804 202 2869 quos
237 2782 392 2847 historiae
421 2782 553 2847 tradunt
586 2782 746 2871 pessimos
779 2807 852 2846 esse
880 2794 912 2847 et
946 2783 1047 2845 fortes
1080 2781 1115 2843 in

54 2870 57 2879 “
119 2867 266 2955 quinon
289 2877 521 2958 cognoscentes
543 2867 734 2957 dignitatem
761 2879 917 2948 naturae,
947 2866 1045 2930 sicuti
1074 2877 1141 2928 mut

118 2952 248 3036 malia‚.
266 2954 424 3018 matribus
460 2963 492 3016 et
520 2954 689 3017 sororibus
718 2954 859 3018 nefando
883 2952 1058 3018 eoneubitn
1082 2976 1140 3016 soe

117 3037 202 3103 Data
221 3041 419 3130 propinquis
441 3040 594 3128 gentibus
616 3049 776 3130 potestate
806 3040 952 3130 negotii,
987 3037 1084 3101 bonis
1108 3062 1141 3102 οι

62 3162 67 3175 ι
119 3124 308 3192 habundare
331 3127 496 3193 videntur.

202 3239 256 3302 15.
300 3240 363 3305 His
401 3240 543 3306 sociatur
572 3238 814 3317 ¹Saracenorum
849 3261 942 3327 gens,
974 3260 1052 3299 areu
1075 3249 1108 3301 et
1136 3238 1141 3302 i

116 3322 215 3388 vitam
237 3350 328 3390 suam
350 3327 558 3417 transigens,
585 3327 644 3416 qui
667 3323 791 3389 similes
813 3322 926 3388 Persis
955 3323 1050 3409 impii
1075 3333 1108 3387 et
1129 3349 1141 3417 Ι

118 3421 215 3493 sunt,
246 3413 441 3500 sponsiones
475 3437 541 3478 non
565 3411 785 3476 custodientes
817 3435 925 3499 neque
948 3409 1030 3473 helii
1050 3433 1141 3500 nequ

119 3493 188 3559 rius
212 3498 358 3587 negotii3
382 3499 503 3588 quibus
525 3499 681 3564 mulieres
703 3497 863 3585 imperare
886 3497 1051 3560 dicuntur.

201 3611 256 3673 16.
300 3609 382 3676 Post
422 3613 482 3676 hos
519 3623 679 3677 terrarum
723 3622 906 3674 nostrarum
953 3618 1112 3673 secuntur

118 3689 230 3759 Habes
263 3718 339 3785 ergo
370 3698 405 3762 in
432 3698 548 3786 primis
583 3688 852 3782 Mesopotamiam
880 3708 918 3760 'et
948 3696 1141 3761 Osdroenan

118 3775 355 3869 Mesopotamia
378 3785 512 3872 quidem
533 3783 632 3847 habet
655 3781 800 3846 civitates
820 3784 939 3847 multas
968 3794 1000 3846 et
1021 3782 1141 3865 varias.

22 3946 25 3951 Ι
120 3870 413 3935 rum‘exeellentes
439 3873 611 3952 struthea,
634 3866 762 3957 Nisibis
793 3879 825 3933 ot
844 3869 981 3951 Edessa,
1012 3892 1141 3957 quaen

119 3996 274 4015 ⁸*-

190 4059 220 4125 a)
240 4060 306 4116 cod.
326 4061 411 4117 dolor.
446 4064 501 4116 Sed
518 4081 559 4132 gr.
576 4057 673 4116 ditior.

190 4130 221 4195 b)
258 4133 299 4183 Ita
317 4135 514 4189 codoavensis·
552 4137 588 4191 at
606 4136 745 4188 inretianus
765 4135 884 4184 Ioneum.
948 4194 951 4201 λ

182 4202 212 4268 r)
253 4204 317 4257 Cod.
335 4221 375 4275 gr.
395 4204 478 4274 Δῑβα.
593 4207 624 4278 d)
660 4206 727 4264 Cod.
751 4203 1007 4269 cavensissirican13
1032 4204 1087 4257 cod.
1115 4203 1141 4257 iu

94 4272 141 4327 lat.
170 4272 311 4332 ltr'lc'cum·
349 4318 351 4323 .
870 4278 874 4283 ⁴
