2684 4606
386 100 570 249 lliythugr.
599 148 651 267 ll.
708 148 776 228 65.
791 142 866 223 66.
1114 133 1117 143 ’
1148 162 1202 238 97

55 343 110 401 est
140 333 285 415 furatus,
304 354 412 424 ,quem
445 324 623 402 hominihus
649 333 808 404 indicavit.
831 351 842 359 ’·
865 340 918 405 Oh
947 364 1044 431 quam
1075 329 1205 418 causam

56 419 133 488 irati
164 418 209 486 dii
238 421 551 488 immiserunt'tcrris
581 422 733 499 maciem,
762 421 796 488 id
825 436 876 492 est
896 429 1055 498 morbos.=
1095 424 1205 523 Ipsum
1257 486 1258 490 ,

56 519 168 574 autem
190 504 422 574 Prometheum
475 530 510 572 er
541 506 737 574 Mercurium
758 508 791 573 in
814 523 923 578 moute
941 515 1096 606 ¹Scythiae
1117 521 1205 588 Gau-

56 614 137 659 caso
174 593 282 660 lerrea
310 604 424 660 catena
452 530 548 658 ilXX
577 593 671 659 millia
704 617 860 662 annorum
882 598 977 667 riexit
996 604 1142 692 luppiter
1163 607 1206 674 ad
1251 573 1265 603 'l

55 700 193 762 saxum,
226 679 381 747 adhibens
402 680 440 744 ei
462 680 617 767 aquilam,
640 694 725 766 quae
747 703 806 745 cor
826 683 893 770 eius
917 685 1077 756 exederet.
1102 690 1230 762 Her-'5
1292 735 1294 743 ·

55 765 147 833 cules
167 776 286 846 autem,
306 766 423 831 missus
445 766 486 831 ab
509 766 693 854 Eurystheo
716 779 847 855 propter·
869 765 1092 859 Hesperidum
1113 778 1205 860 ruald,
1311 761 1321 770 ’

57 853 188 919 nescius
210 852 280 918 viae
303 851 431 918 devenit
459 852 491 916 iu
523 852 708 917 Caucasum
739 865 879 919 montem
903 855 945 921 ad
966 859 1206 932 Prometheum.

56 941 84 1002 Α
107 958 175 1025 quo
197 936 418 1004 demonstrata
440 938 508 1017 via,
538 950 611 1025 post
634 936 796 1002 victoriam
821 962 879 1026 pro
901 944 1027 1028 gratiae
1052 949 1205 1016 beneficio

54 1023 212 1111 aquilum,
235 1046 292 1091 cor
313 1023 382 1111 ejus
406 1020 614 1105 credentem,
639 1023 811 1097 interfecit.
863 1026 933 1093 Sed
955 1028 996 1095 de
1017 1032 1204 1103 Promethei

54 1110 215 1178 solutione
235 1109 318 1204 huec
340 1131 439 1175 causa
458 1110 630 1176 memoriae
650 1107 777 1197 prodita
809 1121 866 1177 est.
989 1115 991 1119 ’
1211 1147 1246 1195 10

211 1305 257 1381 ᾗ
309 1276 379 1353 65.
434 1281 658 1379 «luppiter
692 1293 735 1355 et
768 1281 948 1357 Thetis.

140 1404 254 1481 Quum
282 1406 446 1496 luppiter,
482 1406 635 1497 Thetidis
684 1408 899 1479 ulchritudiue
926 1405 1096 1491 inductus,
1130 1432 1203 1478 euru

56 1487 150 1558 vehor
167 1513 304 1559 uxorem
321 1493 466 1571 ducere,
504 1494 631 1559 Parcae
653 1434 802 1564 dicuntur
825 1499 892 1564 sata
913 1492 1075 1573 cecinisse,
1099 1507 1139 1557 ut
1157 1494 1202 1558 αἵ)
1287 1536 1290 1542 ·

53 1599 105 1655 eo,
126 1578 189 1663 qui
210 1600 255 1642 ex
276 1601 313 1642 ee
332 1591 366 1645 et
404 1577 550 1644 Thetide
572 1588 784 1661 nasceretur,
807 1583 974 1670 Juppiter
995 1599 1103 1665 regno
1123 1581 1202 1666 pel·

51 1660 198 1725 leretur.
240 1663 339 1738 Quod
359 1688 458 1752 quum
479 1663 626 1751 Juppiter
647 1690 688 1734 ex
704 1668 912 1746 Prometheo,
934 1664 1017 1729 haec
1037 1663 1242 1744 audientem

55 1747 288 1834 comperisset,
317 1751 438 1818 destitit
458 1748 632 1817 'Photidem
653 1751 732 1819 velle
754 1776 887 1820 uxorem
910 1751 1040 1829 ducere,
1049 1755 1097 1819 let
1118 1751 1200 1817 Pro-

55 1831 221 1899 metheum
265 1857 301 1907 ro
325 1836 482 1902 beneficio
503 1835 633 1904 vinculis
656 1838 833 1920 liberarint
846 1851 880 1906 et
907 1836 1081 1903 memoriae
1102 1858 1202 1910 causa

55 1917 196 2005 digitum
217 1859 277 1987 sili
297 1921 403 2010 lapide
425 1934 458 1990 et
479 1921 565 1988 ferro
588 1923 698 2004 vinciri
712 1912 829 2015 jussit.l
863 1926 938 1999 Qua
968 1921 1200 1990 consuetudine

57 2005 165 2069 adhuc
191 2004 335 2074 homines
359 2009 422 2084 usi,
459 2007 568 2074 anulos
599 2008 626 2073 la
651 2010 704 2075 ide
731 2018 764 2078 e't
791 2021 928 2098 argento
951 2007 1134 2083 conclusos,
1157 2008 1201 2074 ad
1219 2010 1265 2062 l

56 2090 215 2156 amicitiae
235 2094 419 2159 memoriam
442 2105 475 2160 et
495 2095 612 2181 pignus
629 2034 755 2163 lrabcre
778 2107 962 2185 coeperunt.
1017 2094 1112 2158 Haec
1143 2099 1245 2180 rau-29
1301 2146 1315 2154 .

55 2187 128 2249 tem
150 2178 257 2244 omnia
288 2203 350 2244 non
385 2181 453 2244 sine
483 2181 607 2263 ratione
637 2183 813 2268 linguntur.
869 2181 953 2246 Nam
984 2179 1198 2245 Prometheus

16 2286 21 2292 ·
55 2261 106 2326 vir
134 2263 396 2350 prudentissimus
429 2265 503 2342 fuit;
533 2264 619 2330 uude
648 2279 680 2332 et
700 2267 916 2333 Prometheus
936 2260 1045 2329 'dictus
1068 2287 1196 2350 aprro-

54 2346 191 2412 dentiu.
246 2351 313 2417 Hic
351 2363 456 2418 autem
487 2352 605 2436 primus
638 2352 846 2438 astrologiam
877 2351 1010 2440 Assyriis
1039 2349 1198 2429 indicavit,
1321 2431 1324 2437 .

56 2454 153 2516 quatu
186 2434 331 2503 residens
353 2437 396 2501 ·in
428 2448 536 2503 monte
565 2436 715 2503 altissimo
746 2440 896 2506 Caucaso
932 2435 1025 2501 nimia
1058 2456 1136 2499 cura
1164 2447 1199 2502 et

56 2517 511 2612 sollicitudine-prehendere.
564 2523 628 2587 Hic
649 2545 740 2589 mons
769 2523 890 2612 positus
917 2531 968 2587 est
996 2520 1082 2585 circa
1102 2523 1240 2608 Assy-25

55 2605 146 2684 rios,
180 2608 300 2675 vicinus
329 2630 431 2696 paene
458 2607 632 2686 sideribus3
667 2607 752 2674 unde
783 2619 817 2674 et
850 2607 970 2697 majora
1002 2617 1086 2671 astra
1108 2628 1209 2677 mon-x

55 2700 155 2769 strat,
177 2706 211 2761 et
232 2693 403 2781 diligenter
424 2716 535 2760 eorum
557 2705 646 2762 ortus
669 2715 867 2782 occasusque
897 2690 1065 2779 significet.
1109 2690 1197 2756 Dici·
1294 2716 1337 2779 ‚a

54 2787 111 2844 tur
131 2789 238 2846 antem
258 2781 364 2869 aquila
384 2801 441 2846 cor
461 2780 528 2869 ejus
551 2779 709 2860 exedere,
730 2780 803 2868 quia
825 2778 906 2844 acris
933 2776 1109 2844 sollicitudo
1137 2790 1196 2858 est,
1209 2776 1229 2834 .·:t
1250 2798 1262 2833 s·
1298 2764 1334 2795 '’⁴'‘

56 2884 124 2951 qua
144 2862 195 2929 ille
216 2867 363 2946 affectus,
384 2866 527 2932 sidereos
549 2865 808 2954 deprehenderat
828 2875 941 2943 motus.
972 2861 1018 2929 Et
1039 2864 1102 2930 hoc
1123 2866 1197 2951 quio
1220 2883 1223 2888 ·
1281 2838 1327 2900 '³¹

56 2949 328 3039 perprudentiam
339 2951 424 3031 lecit,
444 2951 527 3017 duce
544 2952 716 3033 Mercurio,
739 2951 795 3039 qui
811 2949 1000 3039 prudentiae
1013 2960 1046 3016 et
1065 2950 1194 3016 rationis
1202 2971 1238 3019 eu

56 3034 139 3103 deus
167 3046 237 3120 est,
271 3037 314 3104 ad
344 3061 455 3104 saxum
490 3037 605 3104 dicitur
643 3061 716 3104 esse
746 3036 910 3123 religatus.
974 3034 1196 3122 Deprehendit
1244 3044 1247 3053 ’

18 3200 22 3206 ,
93 3133 226 3200 ueteres
255 3125 416 3192 rationem·
440 3122 620 3203 fulminum,
644 3136 687 3191 et
722 3119 1089 3189 hominibus‘indicavit.
1131 3119 1196 3186 Ad-

97 3231 138 3274 ec
158 3208 298 3299 quadam
329 3220 416 3289 arte,
447 3211 488 3274 ab
516 3232 555 3275 eo
579 3209 817 3288 demonstrata‚'
848 3228 1004 3297 supernus
1025 3207 1110 3293 ignis
1140 3206 1195 3270 eli·
1223 3228 1269 3245 s
1327 3254 1329 3259 .

54 3294 227 3377 aiebatur‚'
250 3295 305 3384 qui
330 3294 515 3362 mortalibus
544 3295 681 3382 proluit,
714 3294 819 3360 donec
848 3317 888 3359 eo
923 3294 1006 3358 bene
1033 3295 1081 3360 usi
1113 3302 1194 3358 sunt.

55 3380 139 3449 Nam
185 3393 277 3448 ostea
297 3381 379 3449 malo
400 3381 562 3447 hominum
585 3403 644 3446 usu
675 3381 707 3444 in
738 3379 912 3466 perniciem
942 3401 1051 3445 eorum
1086 3399 1235 3453 versusaa

57 3479 113 3536 est
159 3405 253 3534 hicat
270 3469 303 3533 iu
323 3467 414 3535 Livio
435 3467 551 3549 lectum
571 3479 623 3533 cst
654 3464 696 3531 de
723 3465 824 3539 'Pullo
852 3463 1006 3544 Hostilio,
1039 3466 1094 3551 qui
1119 3463 1194 3528 ideo

10 3561 12 3566 '
56 3553 133 3641 igue
154 3565 287 3621 exustus
308 3565 358 3621 est
384 3577 456 3619 cum
485 3553 630 3618 omnibus
652 3551 741 3616 suis'.
783 3551 892 3616 Numa
912 3571 987 3615 vero
1018 3549 1193 3638 Pompilius

51 3640 185 3730 impune
202 3663 254 3706 .eo
276 3658 354 3706 usus
382 3650 433 3706 est
462 3650 585 3705 tantum
625 3637 655 3701 in
685 3636 785 3705 sacris
818 3635 963 3700 deorum
1013 3634 1101 3700 Hinc
1135 3649 1202 3716 est‚'

52 3725 144 3816 qued
162 3726 244 3813 igne
266 3738 377 3814 rapto,
407 3726 448 3791 ab
476 3724 564 3806 iratis
586 3723 767 3791 numinibus
794 3721 897 3788 morhi
921 3720 1070 3787 dicuutur
1091 3720 1192 3787 homi·
1216 3742 1218 3746 “

50 3815 143 3882 uibus
160 3812 306 3887 immissi.
492 3817 494 3821 '
1199 3838 1234 3888 40

343 3982 410 4057 66.
466 3982 661 4056 Cleobis
695 3991 729 4054 et
769 3979 892 4051 Bito.

136 4116 248 4191 Quum
278 4130 347 4181 mos
375 4122 480 4192 esset,
515 4110 716 4177 sacerdotem
754 4104 905 4191 Argivam
941 4103 1045 4168 bubus
1070 4103 1190 4192 junctis

47 4200 143 4270 adire
161 4201 282 4288 templu
302 4199 455 4278 lunonis,
485 4194 602 4286 dieque
620 4192 751 4265 solemni
775 4192 891 4272 boves,
929 4189 1074 4258 omnihus
1095 4187 1190 4276 pesti·

805 4308 827 4372 t
