2692 4606
99 154 168 261 58¹
345 125 573 288 ΙΤνίμΙιοθτκ
600 181 649 259 Ι..
690 179 953 265 ruo-192.
1065 226 1068 233 ·

97 368 163 439 lina
183 388 322 458 namque
342 367 489 439 consulto
509 368 542 437 in
563 366 702 459 templo,
734 370 821 460 quod
848 370 880 437 iu
903 368 1019 438 eodem
1041 368 1121 440 colle
1141 368 1248 438 halae-

98 457 213 532 batur,
234 453 399 545 respondit
418 455 604 536 oraculum,
635 466 672 523 ut
699 456 732 524 in
755 468 864 524 moutc
883 479 959 525 oasa
979 458 1088 539 matris
1109 478 1191 526 suaa
1209 459 1248 524 in

85 546 228 611 'terram
240 539 441 631 projicerent
476 539 620 610 Proinde
639 564 759 630 magna
781 543 990 630 ambiguitate
1011 544 1145 611 haerere
1166 562 1248 609 coe-

99 638 236 717 perunt,
289 649 351 694 uae
382 638 491 694 essent
516 648 592 695 ossa
630 629 741 696 matris
774 651 861 696 suae.
905 626 1055 696 Tandem
1079 627 1262 711 recordati*

74 724 185 793 nsunt,
203 734 245 802 qu
299 724 508 810 terraeorum
518 723 621 782 mater
635 725 734 794 esset,
752 724 787 783 ct
798 724 911 805 petrae
929 737 1004 781 ossa
1017 725 1133 783 terrae.
1163 713 1250 784 Mox

85 797 541 952 ·l⁸l¹¹‘rt⁸ll⁸5tlunt¹3
560 798 781 953 illitu
818 799 1250 954 lttlffldrulltu

97 908 312 1041 Pdo'uretheus
333 979 368 1038 et
388 908 572 1040 vinfimiad
585 910 730 1040 homides
749 936 829 1054 illds,
850 972 925 1055 sace
942 935 1071 1042 caelesti
1090 970 1247 1042 adhibita.

418 1158 421 1163 ’
454 1146 549 1235 190.
602 1159 758 1238 Palici
791 1159 875 1237 dii.

54 1299 91 1351 to
184 1283 376 1376 Symaethus
405 1286 520 1355 fluvius
551 1299 601 1369 est
628 1288 757 1357 Siciliae
784 1285 872 1357 haud
890 1285 990 1380 lunge
1010 1291 1053 1365 ab
1071 1289 1248 1373 arbutis·

95 1370 230 1454 durensi,
258 1370 345 1439 circe
365 1393 462 1461 quem
483 1385 558 1442 sunt
576 1373 678 1444 Palici
705 1374 768 1450 dii,
798 1396 934 1465 quorum
957 1375 1028 1445 tulis
1050 1387 1102 1445 est
1121 1376 1251 1446 fabular

4 1476 6 1485 ’
69 1532 71 1537 ,
92 1462 229 1527 Aetnam
242 1456 424 1551 Nymphon
439 1459 589 1548 Juppiter
602 1483 701 1551 quum
717 1460 858 1531 vitiasset
869 1472 903 1529 et
915 1462 1046 1531 lecisset
1058 1462 1244 1551 gravidam,

93 1545 207 1621 timens
236 1544 415 1626 Juuouem‚
449 1545 627 1619 secuudum
646 1546 822 1637 quosdam,
855 1546 983 1614 'ferrae
1003 1547 1243 1618 commendarit

91 1629 193 1719 ipsam
214 1629 367 1717 puellam,
387 1640 421 1699 et
439 1630 500 1698 illic
522 1632 616 1699 enixa
634 1643 692 1702 est.
735 1630 922 1700 Secundum
942 1634 1040 1714 alios,
1070 1644 1144 1724 post
1165 1656 1243 1722 par-

48 1727 161 1795 astum
189 1717 257 1807 ejus
286 1738 385 1819 quum
415 1713 457 1782 de
485 1728 571 1785 terra
593 1721 772 1811 erupissent
792 1716 857 1785 duo
877 1719 987 1806 pueri,
1022 1719 1146 1785 Pauci
1158 1730 1244 1809 sunt

93 1801 187 1883 dicti,
221 1822 311 1890 quatu
341 1799 472 1866 iterum
500 1802 687 1871 venientes.
739 1803 785 1872 Hi
818 1803 921 1892 primo
949 1802 1096 1872 humanis
1126 1804 1242 1874 hostiis

37 1889 41 1897 '
89 1887 319 1992 placabantur;
348 1896 462 1972 postca
481 1887 673 2041 puibusdarn
693 1893 793 1961 sacris
808 1890 945 1977 mitigati
962 1901 1048 1970 sunt,
1071 1899 1107 1958 et
1124 1912 1241 1977 eurum

91 1983 258 2041 immutata
279 1971 446 2039 sacrificia.
502 1971 565 2041 deo
586 1987 694 2047 autem
713 1968 782 2044 uris
797 1973 1007 2064 placabilis,
1029 1975 1105 2066 quia
1123 1998 1242 2047 'eorum

92 2060 238 2150 mitigata
257 2069 332 2129 suut
352 2057 489 2126 numius.
859 2094 862 2101 ,

44 2248 84 2353 ρο
251 2228 341 2306 191.
396 2229 573 2308 Consus
608 2241 652 2309 et
683 2235 920 2311 circense-s
955 2170 1066 2308 ludi.

127 2356 154 2377 ’“
174 2359 303 2428 Consus
326 2358 407 2430 deus
429 2373 479 2432 est
499 2360 723 2442 consiliorum
743 2361 796 2449 qui
810 2361 886 2426 ideo
905 2355 1057 2446 templum
1070 2356 1239 2429 subtecto
1266 2374 1284 2442 'j

87 2444 220 2528 habuit,
250 2458 288 2515 ut
316 2446 522 2553 ostendetur,
552 2458 674 2518 tectum
702 2466 776 2521 esse
797 2443 918 2513 debere
937 2442 1110 2546 cpnsilium.
1153 2442 1240 2549 Iuda

87 2544 171 2686 liu
186 2530 280 2689 ‘liti
297 2533 606 2687 ‘elsi‘ltal‘lt
622 2529 1240 2705 litardurdlltlt‘adl:

43 2702 185 2772 ”Unde
205 2704 301 2772 etiam
327 2704 361 2770 iu
382 2704 451 2796 ejus
472 2703 627 2771 honorem
656 2704 821 2772 circenses
845 2700 1057 2772 celebrantur.
1093 2700 1238 2796 Circen

85 2813 140 2859 ses
169 2801 278 2858 sutem
307 2785 384 2858 dicti
413 2789 462 2858 rel
491 2787 705 2870 acirentila,
738 2788 787 2855 vel
812 2786 900 2879 quod
931 2786 987 2854 ubi
1016 2808 1104 2855 nuuc
1127 2798 1238 2878 metae

85 2887 178 2956 sunt,
202 2875 277 2944 olim
297 2874 397 2963 gladii
441 2877 638 2956 euehuntur,
665 2896 748 2963 quos
766 2872 976 2941 circuibant.
1017 2872 1106 2943 Diod
1126 2882 1238 2945 autem
1279 2896 1284 2902 ·

85 2962 248 3031 circenses
268 2960 310 3028 ab
330 2961 407 3027 snei
427 2985 488 3040 us,
515 2961 615 3025 circa
637 2981 720 3046 quos
741 2962 924 3032 currebant

153 3155 540 3238 192.-flercu1es
578 3169 620 3235 et
653 3154 979 3261 Olympiadem
1006 3151 1166 3232 ludus.

40 3291 79 3364 co'
168 3288 330 3359 Hercules
344 3302 378 3360 et
394 3288 507 3357 milites
525 3285 593 3379 ejus
606 3295 835 3377 pugnaverunt
871 3284 994 3355 rimitus
1011 3306 1110 3376 super
1130 3307 1249 3376 equos·

78 3375 173 3470 juxta
193 3377 366 3470 Olympum
387 3386 538 3445 montem.
580 3371 672 3448 Quos
688 3371 832 3440 ridentes
848 3308 959 3440 dostea
980 3370 1117 3476 alonge
1135 3394 1236 3463 super

82 3486 203 3553 equos,
235 3461 443 3531 crediderunt
469 3461 652 3529 Centauros
681 3481 770 3539 esse,
799 3470 833 3526 et
860 3458 1032 3547 stupefacti
1060 3458 1093 3525 in
1117 3456 1243 3555 lugam¹
1276 3484 1282 3497 ’

82 3552 167 3619 versi
194 3560 278 3620 sunt
322 3549 368 3618 Et
397 3546 472 3615 ideo
504 3544 665 3613 Hercules
692 3545 736 3611 ibi
763 3543 855 3612 ludos
883 3544 1027 3614 instituit
1069 3545 1233 3615 Hercules
1272 3558 1280 3585 ‘

82 3637 169 3705 euim
192 3634 281 3727 apud
299 3636 447 3786 Gralecos
468 3630 758 3736 virtute-sollemni,
782 3630 1083 3784 mpliltirpodqdcursu
1098 3629 1259 3789 [ἔξιθι

39 3721 1233 3961 cirac
1279 3808 1284 3843 2

200 3917 210 3964 ς
416 3914 473 3956 cu
499 3914 575 3956 zum
639 3914 658 3956 c

80 3906 222 4061 :diddo
240 3914 522 4069 uddrdueperactm
550 3987 584 4045 et
613 3988 663 4045 est
683 3914 823 4044 spadium
851 3985 967 4042 octava
993 3938 1069 4063 pars
1097 3913 1233 4046 mutand
1265 4045 1270 4060 ,

79 4068 204 4137 Postea
225 4064 268 4134 ad
286 4064 494 4134 imitationem
515 4063 667 4131 Herculis
686 4060 781 4129 ludus
802 4060 1041 4144 estiomenus,
1064 4061 1231 4154 Olympias
1260 4105 1278 4123 ..

39 4153 196 4230 rodictus.
227 4152 396 4257 Olympias
417 4149 585 4217 dicebatur
602 4161 729 4239 tempus
747 4148 793 4216 IV
815 4169 981 4228 annorum,
1000 4147 1157 4238 siquidem
1174 4171 1232 4217 ex·
1264 4214 1268 4223 ,

79 4240 176 4333 pletis
193 4237 283 4309 anuis
299 4242 419 4319 tubus,
441 4258 524 4306 anno
541 4246 657 4325 quarto
672 4233 819 4303 veniente
832 4232 1057 4304 celebrabatur
1077 4235 1231 4307 festivitas
1266 4247 1274 4281 ⁸
