2684 4606
165 184 250 265 aar
408 144 987 313 '‘spumanti'ro
1102 134 1107 140 ’
1291 30 1323 179 l

99 428 106 452 ,
163 390 296 441 suorum
330 370 476 453 obturat,
511 395 552 439 ne
581 392 690 440 aarum
729 371 957 440 modulationes
991 370 1140 450 audiant,
1179 372 1216 440 id
1248 384 1295 443 est
1313 364 1323 485 j

161 455 343 561 praeceptis
373 479 429 524 eos
464 455 652 525 salutaribus
674 456 838 539 informat,
858 481 915 523 ue
936 459 1155 525 saecularibus
1176 459 1293 529 deliciis
1316 494 1323 547 ·:'

161 543 397 630 implicentur..
424 542 498 629 Ipse
519 565 594 608 vero
613 543 695 609 malo
724 542 869 630 alligatus
890 545 1019 625 transit,
1047 543 1081 610 id
1110 554 1163 612 est
1194 545 1298 611 struat:

161 630 312 708 innitens,
329 628 403 695 licet
422 627 652 694 mundanarum
671 630 858 696 varietatum
884 629 1050 696 illecebras
1070 630 1208 709 sentiat,
1241 653 1291 697 eas
1310 684 1315 707 ,

136 725 268 782 ttamen
289 724 493 779 contemnens
512 714 546 779 in
565 714 699 802 patriam
720 714 932 801 sempiternae
955 715 1161 793 beatitudinis
1185 716 1316 783 tendite·¹

159 800 212 867 Eo
232 808 338 867 autem
360 797 522 886 digresso,
544 797 654 865 dolore
674 801 850 886 perierunt,
869 800 999 903 quiain¹
1015 800 1120 886 anim'o
1145 802 1298 890 sapientis.

159 885 294 955 carnalis
315 883 569 972 coucupiscentia
598 895 758 951 contemta
791 895 953 955 ementur.
1004 884 1158 954 Nonnulli
1189 897 1293 954 nmen

158 970 218 1037 has
237 980 304 1037 tres
335 991 463 1036 sorores
489 969 716 1056 pulcherrimas
746 971 930 1038 meretrices
958 970 1056 1037 fuisse
1083 971 1319 1055 contendunt·;

29 1054 34 1064 ’
158 1056 253 1131 Quae
273 1054 347 1144 quia
367 1052 558 1137 accedentes
588 1055 791 1124 deducebant
817 1055 861 1121 ad
888 1066 1083 1143 egestatem,
1118 1058 1159 1124 iis
1187 1056 1292 1133 dictas
1315 1054 1323 1133 ‘f

117 1151 233 1209 tosunt
254 1141 373 1206 inlerre
394 1139 570 1228 naulragia.
619 1140 768 1208 Volatiles
796 1141 885 1230 pingi
906 1153 1108 1223 meruerunt,
1141 1141 1193 1208 rel
1220 1143 1297 1231 quic

157 1227 330 1303 amantium
364 1236 486 1292 mentes
521 1224 667 1293 celeriter
701 1239 852 1314 pereunt,
892 1227 939 1293 vel
977 1228 1051 1314 qnia
1087 1228 1290 1295 meretricum

156 1333 248 1381 amor
268 1311 416 1378 citissime
436 1311 560 1379 labitur.
615 1311 815 1379 Gallinaceos
832 1310 937 1415 pedes
958 1304 1092 1393 hahent,
1126 1312 1206 1402 quia
1226 1312 1290 1379 lihi-

156 1396 237 1465 dinis
273 1398 407 1464 affectus
448 1396 673 1485 quantamlibet
705 1420 937 1487 possessiouem
972 1397 1123 1464 inutiliter
1160 1399 1289 1487 spargit.

38 1552 40 1565 ,
155 1483 240 1549 Nam
273 1481 361 1571 quod
394 1481 485 1547 Plato
516 1483 548 1579 ip
581 1507 640 1550 sua
673 1482 852 1573 Republica
882 1504 981 1571 aprum
1011 1481 1054 1548 de
1081 1482 1290 1572 sphaerarum
1316 1496 1321 1507 '

114 1568 338 1636 tocaelestium
359 1566 550 1635 volubilitate
575 1579 747 1649 tractaret,
775 1567 916 1656 singulas
938 1569 983 1634 ait
1002 1568 1134 1635 Sirenes
1157 1568 1286 1656 singulis
1321 1582 1323 1593 '

91 1694 93 1699 ,
153 1653 283 1722 orbibus
302 1652 458 1731 insidere,
479 1655 685 1741 sphaerarum
705 1664 794 1722 motu
815 1653 1009 1721 harmoniam
1029 1651 1287 1756 jucundissimam
1317 1710 1323 1721 .

75 1762 80 1773 “
151 1740 331 1805 numinibus
352 1739 541 1825 significarit
560 1739 718 1808 exhiberi.
752 1738 849 1806 Unde
867 1741 927 1806 sub
951 1738 1010 1805 alia
1030 1741 1288 1827 interpretatione
1313 1726 1323 1939 j

152 1825 263 1904 Siren,
292 1825 394 1912 inquit
412 1824 612 1904 Macrobius,
640 1824 702 1888 deo
722 1847 850 1907 canens
867 1825 996 1890 Graeco
1016 1823 1179 1892 intellectu
1200 1826 1286 1893 valet.

135 1911 240 1980 ,Sane
264 1908 419 1977 Salustius
442 1909 579 1997 Scyllam
610 1908 686 1975 dicit
712 1932 822 1976 saxum
843 1909 942 1976 simile
964 1911 1086 1976 formae
1107 1910 1286 1979 celebratas

109 2011 146 2060 ao
175 1993 265 2061 rooul
281 1994 462 2061 visentibus.
512 1996 619 2062 Canes
648 2013 723 2059 vero
747 2005 781 2062 et
801 1993 831 2059 lu
856 1996 930 2061 iob
952 1995 1074 2061 hooex
1096 2018 1154 2076 ea,
1189 2007 1228 2063 ut
1245 1997 1285 2065 att
1310 2050 1313 2061 .

151 2019 299 2162 Servius,
328 2079 401 2153 ,nati
434 2099 506 2143 esse
536 2081 719 2166 tinguntur,
752 2102 815 2167 quo
868 2103 906 2146 ea
934 2078 1006 2146 loca
1035 2081 1104 2168 ipsa
1137 2081 1284 2149 monstris

148 2166 291 2233 maximis
311 2165 407 2252 plena
427 2173 519 2248 sunt,
557 2177 590 2233 et
624 2162 784 2232 undarum
804 2165 846 2232 ad
865 2188 955 2233 saxa.
970 2165 1119 2234 illisarum
1150 2168 1222 2235 soni
1241 2166 1282 2235 la·

148 2262 267 2321 tratum
288 2251 461 2318 imitantur.
1027 2304 1030 2311 .

232 2340 283 2404 10.
325 2336 410 2410 Quia
431 2354 506 2401 vero
528 2330 571 2398 de
593 2332 700 2399 Marte
718 2335 865 2423 superius
886 2346 958 2402 orta
978 2336 1028 2402 'est
1048 2333 1180 2416 mentio,
1200 2331 1283 2403 idern

104 2419 233 2491 ahtau
251 2421 301 2489 rel
333 2423 377 2486 ob
406 2419 470 2486 hoc
502 2416 590 2506 juxta
627 2418 813 2507 Remigium
847 2420 1006 2488 Gradivus
1034 2418 1171 2502 dicitur,
1211 2421 1283 2510 quis

35 2516 57 2545 '·
142 2508 330 2594 gradatim
348 2506 456 2595 pergit
475 2504 507 2570 in
529 2502 700 2593 proelium;
732 2505 780 2572 rel
811 2499 960 2578 ἀπὸτοῦ
990 2505 1145 2593 gaudeto,
1180 2504 1215 2572 id
1236 2514 1282 2573 est
1311 2514 1314 2519 '

145 2614 166 2657 a
203 2591 398 2658 vibratione
434 2590 574 2672 hastae3
611 2588 659 2654 vel
688 2589 779 2679 juxta
819 2590 957 2659 eundem
994 2589 1155 2657 Gradivus
1191 2590 1298 2678 quasi¹

142 2686 273 2762 gratas
293 2675 418 2757 clivus,
446 2674 480 2741 id
501 2686 570 2753 est,
598 2673 717 2762 iuquit,
740 2686 936 2763 potensest
956 2676 1071 2742 divus.
1112 2676 1281 2763 Frequen·
1296 2678 1314 2729 '-

144 2761 207 2827 tius
239 2772 364 2839 tamen,
410 2783 509 2849 quum
547 2760 702 2837 saeviret,
746 2758 925 2842 Gradivum
964 2772 1062 2848 quum
1094 2760 1278 2848 hanqnillns
1310 2770 1313 2775 '

101 2855 246 2923 coesset,
275 2845 425 2920 Quirinus
456 2845 632 2912 dicebatur.
683 2846 758 2911 Duo
779 2845 917 2936 denique
938 2870 958 2913 a
980 2846 1135 2913 Romanis
1165 2844 1280 2935 tempta

142 2931 276 3012 meruit,
317 2930 451 2998 alterum
480 2931 563 2996 intra
595 2930 728 3012 urbem,
760 2932 851 3016 quasi
879 2942 987 2998 custos
1017 2941 1052 2998 et
1084 2932 1279 3020 tranquillus,

142 3015 277 3083 alterum
308 3026 399 3082 extra
431 3017 562 3095 urbem,
598 3017 689 3103 quasi
718 3016 850 3084 bellator
878 3018 1048 3083 Gradivus.
1089 3017 1277 3085 Bellantium

141 3112 248 3169 autem
270 3123 387 3167 numen
407 3098 470 3166 dici
501 3100 640 3182 ridetur,
676 3102 750 3189 quia
778 3101 866 3179 stella
893 3104 923 3168 ei
957 3101 1129 3190 deputata,
1166 3112 1277 3191 utpote
1310 3106 1314 3165 ζ

141 3189 283 3275 proximo
304 3188 376 3254 loco
404 3207 501 3274 supra
523 3186 622 3253 solem
645 3185 767 3268 locata,
797 3187 1016 3256 ardentissima
1037 3210 1109 3255 esse
1132 3189 1276 3278 perhibe·
1310 3214 1313 3219 ·

96 3285 210 3355 ootur3
251 3284 285 3340 et
320 3274 352 3338 in
387 3273 453 3339 suis
491 3271 653 3338 domiciliis
688 3274 882 3354 constituta,
919 3273 1035 3340 bellum
1069 3275 1276 3363 presagum

58 3394 63 3409 ι
138 3358 344 3426 existimetur.
387 3357 468 3423 Inde
490 3369 523 3424 et
551 3360 633 3424 Scor
655 3356 720 3424 ium
752 3360 903 3446 Virgilius
935 3360 1102 3427 ardentem
1130 3360 1275 3450 appellat,

138 3443 227 3532 quod
247 3444 359 3512 Mortis
380 3443 525 3511 videlicet
546 3454 596 3511 est
628 3380 829 3510 domicilium.
882 3444 967 3511 Nam
998 3445 1128 3533 Scorpii
1166 3447 1274 3535 utiquc

136 3541 263 3618 tempus
297 3528 449 3619 trigidum
472 3538 546 3610 est,
581 3529 699 3618 quippe
723 3530 819 3619 cujus
851 3532 968 3598 mensis
1001 3530 1190 3597 November
1218 3543 1306 3605 este

137 3617 282 3682 Gramen
307 3616 336 3681 ei
366 3613 549 3696 dedicatur,
585 3615 660 3702 quia
688 3612 865 3682 secundum
900 3614 1036 3684 Plinium
1049 3653 1054 3659 ·
1069 3617 1102 3682 in
1130 3612 1273 3685 Naturah

95 3701 280 3768 ‹thistoria
301 3723 340 3766 ex
363 3701 500 3768 humano
521 3722 637 3767 cruore
658 3711 855 3787 procreatur.
912 3703 975 3769 Est
1002 3713 1109 3768 autem
1135 3722 1272 3791 mames

135 3787 258 3874 species
282 3785 422 3867 herbae;
455 3784 530 3852 licet
559 3785 752 3873 generaliter
771 3789 872 3854 omnis
900 3788 1001 3854 herba
1022 3808 1159 3875 gramen
1180 3806 1296 3855 roco-'³

135 3882 206 3952 tur;
240 3872 323 3938 sicut
353 3874 452 3937 robur
473 3892 569 3937 omne
589 3871 727 3959 lignum,
764 3874 924 3959 quamsit
945 3884 979 3939 et
1000 3874 1134 3962 species.
1177 3872 1270 3941 Unde
1302 3878 1305 3883 '

134 3966 168 4023 et
186 3956 324 4024 Romani
345 3958 450 4041 moris
464 3957 585 4037 fuerat,
626 3978 724 4045 quum
756 3956 799 4023 de
828 3980 866 4025 re
886 3958 998 4025 bellica
1029 3970 1202 4059 ageretur,
1237 3968 1269 4025 ct

133 4041 228 4109 Marti
249 4043 503 4124 sacrificaretur,
537 4064 608 4109 aras
630 4042 826 4110 constituere
846 4046 1037 4148 gramineas.
1089 4046 1116 4125 Α
1143 4046 1268 4113 Junonc

92 4147 209 4198 rseum
230 4128 298 4193 sine
320 4129 417 4216 patris
445 4127 637 4227 admixtione
658 4139 767 4194 natum
796 4128 859 4197 dior
890 4130 1055 4217 suspicor,
1095 4130 1170 4217 cirria
1201 4130 1265 4220 ejus

121 4211 216 4280 stella
236 4213 269 4283 si
282 4236 349 4305 per
368 4220 500 4300 aerem,
520 4213 555 4283 id
575 4225 625 4284 est
643 4214 822 4299 lunonem,
851 4217 919 4287 sola
938 4218 970 4283 in
996 4216 1148 4289 utrolibet
1169 4215 1265 4287 domi·
