2684 4606
370 157 554 261 uynoga.
583 158 657 234 ιιι.
710 156 752 235 a.
777 96 781 233 J
806 114 948 241 a-a.
1150 156 1226 235 tor

92 339 225 433 pobtico
251 339 377 422 fiotum,
409 339 498 428 quod
524 338 640 410 iratum
666 342 779 409 Jorem
799 342 884 411 Juno
906 342 1091 413 mortalibus
1113 344 1227 433 placat,

93 448 236 516 eumque
256 448 276 493 a
299 448 359 494 sua
386 424 543 495 sententia
570 440 709 509 revocat
763 426 847 495 Nam
877 428 1061 499 novissim
1078 429 1228 517 ..luppiter

93 516 167 618 ipse
188 511 395 592 oetaeum,
421 512 507 578 Juno
528 534 603 579 rero
624 512 698 578 oe'r.
738 513 847 588 Quum
862 528 942 601 ergo
965 526 1062 596 terra,
1079 537 1227 583 marcen-

94 602 184 669 obus
222 594 334 662 hieme·
360 596 549 676 seminibus,
591 596 717 666 solitum
744 611 859 687 poscat
886 623 905 666 a
932 601 1033 681 Jove,
1064 598 1097 666 id
1119 611 1169 667 est
1188 604 1228 665 ex

96 683 251 753 aethereo
272 681 366 768 igne,
399 681 590 763 fomentum,
609 686 674 749 riou
698 683 793 773 aliter¹
810 698 916 753 tamen
935 685 1001 752 boc
1020 686 1090 752 fieri
1109 696 1254 774 potest,

94 769 156 836 nisi
175 765 393 836 intercedente
413 779 447 836 et
466 768 558 870 quasi
577 767 739 849 mediante
755 771 901 851 Junone,
931 770 966 837 id
987 784 1036 839 est
1061 776 1154 851 ubre,
1176 770 1230 857 qui

95 855 239 1008 qalorem
256 851 398 920 aetherei
419 852 718 943 ignissuscipiens,
737 866 844 924 terrae
863 855 990 925 solitam
1012 857 1108 925 allent
1121 856 1231 922 leonn-

124 942 244 1009 itatem.
751 996 767 1011 ,.
1248 991 1253 995 .

183 1026 216 1093 3.
255 1024 368 1090 Jorem
390 1020 485 1091 etiam
504 1022 604 1095 fatum
625 1022 759 1095 deornm
780 1022 917 1116 appellat
944 1023 1131 1095 Martianus.
1164 1025 1232 1092 Res

98 1110 184 1178 enim
212 1107 352 1190 divinas,
381 1106 415 1175 id
446 1120 497 1175 est
524 1110 729 1201 superiores,
767 1134 826 1200 per
855 1132 892 1180 se
920 1112 1042 1202 ipsum;
1079 1113 1275 1196 bumannum

98 1218 195 1277 vero,
220 1194 255 1262 id
285 1209 334 1262 est
353 1192 538 1278 inferiores,
557 1218 618 1286 per
638 1196 705 1264 sata
725 1195 841 1267 dicitur
861 1196 1019 1265 ordinare.
1062 1197 1164 1289 Cujus
1187 1196 1233 1262 rei

99 1285 186 1350 bano
214 1279 376 1347 reddimus
409 1302 555 1362 oausam,
595 1282 681 1370 quod
697 1352 700 1357 ,
715 1282 785 1350 talis
815 1296 987 1372 tantaeque
1016 1284 1151 1350 naturae
1184 1293 1236 1349 est

100 1368 231 1448 aether,
276 1365 307 1431 ui
325 1364 527 1433 inferioribus
549 1388 613 1435 non
633 1366 793 1469 indigeat,
821 1381 855 1436 et
876 1392 939 1457 quo
960 1366 1129 1456 indigeant
1148 1367 1234 1432 inle-

98 1454 195 1520 riora.
289 1449 351 1516 nde
372 1453 420 1517 'et
458 1450 609 1519 inferiora
646 1455 737 1519 varnis
769 1453 996 1521 elementorum
1026 1451 1234 1530 adminiculis,

100 1561 187 1629 quae
207 1556 266 1625 per
286 1537 353 1603 sata
371 1535 607 1638 intelliguntur,
630 1538 822 1623 subsistunt3
850 1540 1016 1628 superiora
1036 1561 1112 1605 vero
1136 1538 1278 1619 soliusq5

100 1636 239 1691 naturae
267 1644 346 1688 suae
384 1622 554 1690 stabilitate
576 1621 620 1690 ad
652 1647 688 1691 se
721 1623 939 1692 conservanda
970 1635 1119 1692 contenta
1150 1635 1236 1690 sunt.

56 1778 61 1784 ,
101 1711 254 1798 Namque
268 1705 355 1796 quod
371 1706 484 1773 Jovem
494 1713 611 1797 potitae
621 1708 795 1795 benignum
810 1720 934 1790 vocant,
954 1709 995 1777 ad
1017 1708 1137 1793 stellam
1158 1708 1237 1799 ojus,

102 1817 188 1885 quae
210 1793 355 1883 salutaris
369 1802 402 1859 et
423 1793 685 1883 temperatissima
703 1806 770 1876 est,
799 1795 950 1863 alludunt
980 1795 1038 1862 Illa
1056 1795 1138 1861 enim
1157 1795 1238 1861 inter

103 1883 244 1949 Martem
271 1879 377 1967 posita
403 1888 437 1946 et
456 1880 648 1959 Saturnum,
670 1880 712 1945 ab
737 1890 872 1970 utroque
893 1881 1079 1969 temperiem
1100 1879 1238 1947 mutuari

103 1977 252 2057 putatur3
283 1987 303 2030 a
323 1962 435 2031 'Marte
463 1962 611 2034 videlicet
635 1965 792 2048 calorem,
823 1990 843 2033 a
864 1968 1006 2034 Saturno
1027 1988 1102 2031 vero
1123 1965 1281 2054 humo-,20

103 2075 174 2119 rem
195 2048 394 2117 contrahens.
427 2050 512 2117 Hinc
526 2051 692 2139 Virgilius:
720 2051 875 2139 Adspice
898 2075 958 2115 noo
969 2076 982 2130 ‚-
1004 2049 1065 2114 boc
1087 2061 1238 2114 tantum.

106 2139 199 2212 Quos
219 2134 302 2201 enim
319 2133 447 2203 Jovialis
463 2134 572 2204 stellae
587 2134 765 2203 afflaverint
777 2136 868 2216 radii,
892 2133 1114 2225 proculdubio
1130 2135 1240 2201 vivent.

102 2222 199 2291 Idem
233 2219 321 2289 alibi:
361 2218 489 2286 Oculos
528 2220 746 2287 Rutulorum
777 2219 895 2308 rejicit
923 2221 1041 2291 arvina
1079 2219 1144 2285 boc
1180 2216 1241 2303 esi,

104 2304 308 2395 respiciendo
329 2316 454 2394 partem
473 2304 556 2373 illam
579 2304 654 2374 lecit
676 2302 858 2373 feliciorem.
900 2304 958 2372 Sic
987 2303 1082 2373 etiam
1115 2302 1158 2370 de
1182 2327 1239 2381 nn·
1274 2378 1279 2385 ¹

53 2415 55 2422 ·
104 2394 191 2461 mine
212 2392 328 2458 infesto
371 2410 407 2456 er
435 2390 627 2459 contrarium
647 2389 784 2479 legitur:
924 2463 927 2468 ,
1229 2426 1282 2477 ,25

175 2476 292 2554 ,Diva
312 2414 382 2540 colo
392 2472 492 2563 fixos
516 2475 631 2541 oculos
650 2497 776 2542 averso
796 2472 946 2542 tenebat.
1209 2540 1214 2553 ,

105 2563 196 2632 Hinc
218 2572 253 2629 et
270 2562 369 2629 iratos
401 2559 497 2642 deos,
529 2584 657 2630 aversos
694 2558 845 2641 dicimus;
876 2572 911 2628 ut
947 2570 980 2627 et
1005 2555 1124 2626 ibidem
1149 2557 1242 2649 juxta

107 2648 265 2725 Servium.
308 2632 431 2713 Neue
457 2644 551 2711 euim
577 2671 629 2730 oe,
659 2645 776 2736 inquit,
807 2654 1002 2713 convertere
1018 2654 1160 2733 poterat
1192 2644 1243 2706 oi-

107 2733 317 2809 mulacrum.
392 2742 405 2799 t
433 2728 520 2810 alibi:

80 2889 85 2895 ¹
198 2814 304 2891 Talia
325 2815 497 2881 dicentem
510 2815 724 2902 jamdudum
745 2814 870 2883 aversa
891 2822 1021 2879 tuetur.
1211 2854 1229 2884 s
1247 2855 1285 2907 „0

108 2898 283 2978 Quomodo
303 2900 387 2967 enim
407 2922 548 2967 aversam
571 2902 629 2970 nisi
648 2903 763 2972 iratam
782 2899 964 2987 intelligas?
1002 2896 1076 2964 Nec
1097 2894 1242 2967 videatur

108 3010 184 3056 esso
205 2987 418 3065 contrarium,
447 2984 534 3075 quod
562 2985 595 3054 iu
622 3002 736 3076 quarto
762 2985 938 3064 Aeneidos,
969 2984 1050 3051 Jove
1072 2983 1181 3069 oculos
1200 2982 1243 3049 ad

108 3072 238 3140 moenia
262 3071 467 3158 Carthaginis
488 3083 674 3161 torquente,
705 3087 742 3144 ut
771 3071 846 3139 inde
875 3070 968 3160 pellat
988 3073 1146 3148 Aeneam,
1161 3069 1244 3134 'om-

109 3159 161 3226 nia
182 3159 422 3226 conturbantur.
463 3159 602 3226 Aeneam
632 3159 716 3227 enim
744 3169 778 3226 et
800 3156 961 3225 Didonem
982 3178 1002 3221 a
1023 3154 1108 3243 turpi
1130 3153 1245 3238 liberat

109 3245 205 3315 tama.
252 3242 346 3310 Unde
367 3240 524 3332 sequitur:
1217 3270 1234 3305 s
1247 3284 1283 3334 „5

194 3366 240 3380 -
269 3339 305 3393 et
324 3326 446 3394 oblitos
460 3327 586 3415 samoe
606 3327 761 3395 tnelioris
781 3336 951 3395 amariter.

110 3415 212 3492 Quod
248 3430 354 3482 autem
396 3412 524 3480 fulmina
562 3423 595 3480 et
626 3415 776 3481 <tonitrua
805 3415 923 3494 mittat,
963 3410 1006 3475 ob
1034 3405 1098 3475 hoc
1135 3407 1245 3475 lictum

111 3502 258 3578 videtur,
298 3500 372 3589 quia
406 3499 486 3565 haec
524 3497 657 3588 physica
686 3502 810 3568 ratione
840 3523 859 3566 a
890 3492 1108 3584 superioribus
1138 3494 1246 3559 venire

111 3585 315 3659 manifestum
336 3596 394 3652 est
436 3584 532 3651 Haeo
553 3595 659 3651 autem
678 3610 698 3652 a
717 3587 843 3653 sinistra
862 3597 953 3673 parte
975 3579 1147 3656 venientia,
1170 3602 1245 3668 pro-

79 3719 83 3728 ·
110 3695 211 3762 spera
232 3671 395 3750 nuntiant,
427 3671 500 3757 quia
521 3692 605 3758 quae
626 3670 751 3740 sinistra
772 3670 863 3736 nobis
886 3668 1030 3735 videntur
1050 3666 1243 3732 intuentibus
1253 3693 1288 3741 to

112 3758 256 3836 caelum,
276 3756 338 3823 illio
356 3755 489 3823 dextera
508 3767 598 3837 sunt;
630 3779 694 3822 non
716 3755 802 3846 quod
819 3754 944 3822 sinistra
963 3753 1049 3819 bonu
1065 3762 1157 3829 sunt,
1188 3750 1247 3817 sed

64 3864 70 3877 ·
106 3844 203 3935 quod
231 3841 364 3909 dextera
395 3839 474 3906 caeli
505 3841 595 3907 nobis
618 3842 742 3910 sinistra
770 3840 877 3915 sonti
896 3838 1064 3907 Sinistrum
1094 3835 1176 3901 enim
1205 3834 1247 3901 de

128 3932 210 3999 ebus
222 3927 367 4079 ¹terrenis
391 3925 629 4008 adversitatem,
659 3927 701 3995 de
729 3920 918 3996 caelestibus
944 3943 1101 4013 prospera
1122 3921 1245 3988 denun-

54 4046 63 4055 ·
110 4018 194 4085 tiore
277 4014 351 4081 'tun
894 4068 897 4073 .

126 4097 132 4109 ’
199 4034 371 4174 deglluod
392 4120 468 4164 rero
489 4098 626 4186 aquilam
646 4098 713 4189 ejus
743 4095 896 4187 deputant
920 4092 1056 4172 tutelae,
1077 4114 1178 4179 qnam
1194 4112 1297 4157 re-ua

111 4188 176 4256 lert
204 4183 313 4253 labulo
332 4184 403 4251 Jovi
415 4197 527 4253 contra
539 4184 697 4272 Gigantes
713 4182 877 4254 dimicanti
898 4179 1038 4252 lnlrdrna
1055 4176 1281 4245 ndxdxstrasset

856 4300 904 4369 ll
