2692 4606
128 170 186 249 aa
252 92 259 123 ⁴
358 268 361 281 ,
415 169 676 275 spumas..
715 168 977 275 ras-roo.

130 353 271 439 trabum,
319 357 411 433 Quos
445 357 534 425 Jnno
566 378 665 426 causa
690 356 835 448 Epaphi,
865 380 907 427 ox
922 360 1018 428 Jove
1046 359 1130 441 nati,
1162 370 1281 431 contra

130 444 245 511 Jorem
266 442 414 512 excitarit
433 465 523 511 arma
542 444 725 527 sustollero;
746 444 834 512 unde
848 445 922 514 ricti
937 469 1058 535 poenas
1075 446 1198 514 dedere
1218 446 1280 515 ad-

127 528 310 618 juvantibus
335 528 406 597 diis.
421 529 468 597 Et
478 528 593 599 Atlanti
607 529 686 597 caeli
703 552 785 599 onus
802 532 962 621 imposuit.
993 531 1092 601 Unde
1102 533 1277 620 Virgilius:

140 612 303 681 Tantane
328 638 388 682 vos
403 614 547 703 generis
567 614 684 681 tenuit
694 611 837 703 fiducia
856 618 994 683 vestri?
1023 617 1071 685 Hi
1087 629 1198 688 autem
1218 643 1281 722 ap-

108 708 126 758 ⁶
156 697 288 768 ollantur
316 697 447 767 dirersis
477 698 654 767 nominibus
686 711 752 769 tam
781 725 801 768 a
829 702 968 770 Graecis
998 725 1095 791 quam
1123 726 1144 771 a
1172 706 1279 773 nobis.

171 784 181 849 i
210 782 434 873 Zephyrum,
462 806 520 853 nos
549 784 727 869 Austrum
758 783 903 855 dicimus.
954 788 1025 856 Nos
1055 789 1283 879 Aquilonem,

131 869 175 951 illi
201 869 354 936 Boreum
383 882 522 939 vocant..
557 868 606 936 llli
637 869 794 949 Eurunr,
835 894 895 941 nos
925 870 1097 959 Africum
1133 872 1282 961 dicimus.

133 954 303 1045 Virgilius:
339 954 516 1046 Dilapsns
545 954 660 1038 calor,
691 965 799 1045 atqua
824 955 864 1024 in
884 969 1004 1026 ventos
1022 958 1101 1027 vita
1122 962 1280 1027 recessit.

240 1150 244 1157 ·
312 1170 315 1177 .
441 1109 569 1188 ..tat
621 1107 927 1215 Ganymedes.

92 1252 140 1313 to·
219 1238 294 1307 Gan
340 1234 446 1342 edm,
466 1228 550 1311 lilius
569 1236 683 1324 motu,
705 1239 760 1308 tilii
780 1228 912 1327 Priami,
936 1240 1155 1345 quamprimo
1174 1240 1283 1313 forma

134 1325 250 1428 ceteris
302 1326 426 1414 ropanis,
442 1327 677 1430 praeferretur,
699 1336 733 1395 et
754 1326 890 1431 assiduis
912 1327 1128 1432 venationibus
1144 1330 1177 1397 in
1197 1328 1284 1407 Idae

101 1410 209 1481 ··s1lra
237 1422 462 1517 exerceretur,
492 1415 534 1482 sb
564 1432 726 1517 armigero
755 1413 864 1492 lons,
890 1414 1012 1483 sedicet
1039 1413 1161 1505 aqmla,
1193 1438 1282 1505 quae

132 1495 350 1601 quondamrlh
362 1498 679 1581 lulmrnaofferebat,
697 1498 874 1604 luceolum
895 1511 1006 1591 raptus
1025 1510 1093 1582 est,
1117 1511 1151 1570 et
1172 1499 1291 1573 iactus.

96 1580 1282 1743 ..ttulithitttt⁰⁰tthtl¹1⁰“trebith,ltin

133 1754 282 1837 virentis,
302 1752 336 1824 id
347 1718 409 1824 ’est
429 1754 611 1831 masculini,
635 1744 824 1861 concubitnp
843 1696 987 1839 subirldlt),
1002 1779 1120 1860 persus
1139 1758 1283 1861 inaqui-
1303 1826 1305 1830 ,

131 1838 255 1995 lpmex
275 1838 465 1993 Idolmonte
485 1839 709 1934 Ganymedem
730 1851 856 1935 rapmt,
884 1855 921 1915 et
949 1843 1028 1914 secut
1055 1865 1131 1912 eum
1152 1864 1282 1935 pracer-

156 1948 382 1997 mmmo
872 1954 877 1965 ⁴
1150 1956 1153 1961 ·

343 2038 438 2160 183.
490 2085 684 2188 Liriope
704 2097 760 2161 'et
790 2084 1062 2163 Narcissus.

91 2224 127 2274 ao
215 2210 348 2315 Liriope
367 2211 519 2303 Nympha
539 2239 579 2285 ex
600 2212 850 2367 amncOelphiso
874 2212 1058 2302 procrearit
1079 2209 1280 2293 Narcissum,

133 2296 186 2364 ¹cui
215 2296 359 2366 'l'iresras
387 2301 494 2389 omnia
522 2324 678 2393 prospera
696 2323 749 2393 ¹po
771 2298 865 2387 'citus
891 2307 956 2378 est,
988 2298 1016 2367 si
1036 2295 1283 2389 pulchritudinis
1297 2303 1323 2393 ,¹

118 2404 211 2450 suae
245 2384 360 2451 nullam
393 2385 560 2456 habuisset
589 2387 743 2458 notitiam.
794 2385 896 2452 Hunc
927 2381 1028 2485 igitur
1057 2406 1155 2474 quum
1184 2384 1283 2451 Echo
1319 2410 1321 2415 ·

56 2484 59 2488 ’
132 2467 299 2558 diligeret,
332 2492 438 2574 neque
457 2472 554 2541 ullam
573 2474 657 2543 dam
677 2468 823 2565 potiendi
843 2471 1018 2551 inremret,
1049 2492 1129 2538 cura
1144 2469 1283 2561 juvenis,

132 2578 229 2644 quem
261 2566 412 2626 extremus
440 2561 571 2629 vocibus
599 2584 675 2652 pers
720 2567 850 2626 ueretnr
881 2552 1078 2642 lugientem,
1118 2556 1282 2637 extabuit3

90 2640 201 2733 asejus
223 2666 266 2711 ue
296 2645 440 2735 corporis
469 2646 623 2736 reliquiae
654 2584 849 2749 tdiopidem
869 2662 983 2709 versae
1004 2651 1088 2710 sunt.
1130 2640 1231 2717 Quod
1250 2642 1284 2708 ei

132 2666 252 2817 accidit
271 2729 407 2799 Junonis
427 2731 497 2814 ira,
528 2732 603 2823 quia
630 2729 819 2820 garrulitate
843 2748 903 2795 sua
926 2749 998 2794 eam
1018 2750 1118 2818 saepe
1138 2738 1188 2797 est
1209 2748 1282 2795 mo-

132 2826 221 2896 rata,
242 2838 285 2885 ne
303 2814 452 2907 Juppiter
470 2817 505 2895 iu
523 2818 700 2898 montibus,
732 2814 810 2884 dum
828 2826 1080 2903 persequeretur
1100 2812 1185 2907 Nym
1209 2812 1283 2896 has,

94 2918 97 2925 ·
132 2899 331 2992 deprehendi
350 2914 469 2993 posset
496 2901 750 2975 .Ferturlhlaho
769 2900 833 2967 tilia
850 2899 1005 2978 Junonts,
1034 2911 1069 2966 et
1097 2902 1139 2966 ob
1194 2898 1284 2966 efor-

133 2988 274 3057 niitatem
300 2987 334 3063 ,in
364 2990 523 3071 montibus
552 3012 626 3059 esse
652 2985 859 3065 abscondita,
890 3007 932 3050 ne
958 2983 1034 3073 quid
1060 2983 1129 3074 ejus
1150 2997 1284 3075 praeter

91 3082 258 3142 corocem'
271 3060 384 3164 inspici
406 3088 535 3167 posset,
560 3098 645 3179 quae
666 3086 772 3145 tamen
793 3080 869 3161 post
889 3069 1010 3138 obitum
1033 3071 1151 3141 audita.
1193 3070 1285 3137 Nar-

136 3160 254 3229 cissum
283 3174 390 3249 autem
422 3184 519 3253 supra
546 3161 667 3231 dictum
697 3161 740 3227 ob
761 3158 889 3225 nimiam
912 3155 1150 3237 crudelitatem,
1204 3178 1285 3225 uam
1324 3188 1327 3193 ·

136 3246 170 3312 in
190 3245 286 3314 Echo
308 3246 498 3324 exhibebat,
509 3246 684 3328 Nemesis,
704 3244 810 3313 idest
832 3244 981 3330 Fprtuna
1000 3242 1095 3311 ultrix
1117 3179 1284 3311 fastidien-

21 3346 24 3354 '
127 3334 231 3416 tium,
250 3333 283 3402 in
304 3354 448 3403 amorem
467 3332 683 3422 aripertum,
712 3340 750 3400 ut
770 3353 833 3397 non
855 3329 968 3396 minori
987 3329 1134 3411 flamma,
1158 3351 1198 3397 ac
1217 3328 1286 3411 illa,

53 3436 59 3443 ·
134 3429 331 3489 exureretur.
366 3419 447 3496 ,Qut
465 3442 564 3509 quum
583 3417 713 3489 assidua
732 3416 902 3486 venatione
921 3413 1076 3503 fatigatus
1098 3413 1187 3504 juxta
1209 3415 1286 3483 fon·

92 3516 200 3576 cotem
219 3507 254 3574 in
274 3507 640 3597 opacoproaubuisset,
674 3515 707 3573 et
736 3503 885 3572 hauriens
908 3523 1026 3591 aquam
1046 3500 1286 3571 similitudinem

134 3595 184 3665 sui
205 3591 435 3699 conspexisset,
454 3603 488 3663 et
507 3593 626 3662 diutius
653 3589 775 3659 ibidem
801 3599 999 3666 moraretur,
1028 3588 1196 3656 novissime
1226 3609 1287 3653 ex·

133 3680 256 3764 tabuit,
284 3690 342 3761 sta¹
358 3688 398 3748 ut
425 3678 490 3750 rita
536 3679 701 3749 rirarctor.
742 3677 795 3745 Ex
816 3675 906 3768 cujus
926 3673 1063 3762 reliquiis
1085 3677 1145 3743 llos
1170 3672 1289 3756 extitit,
1327 3706 1329 3713 ¹

135 3790 231 3857 quem
251 3763 394 3856 Najades
413 3766 522 3860 Nymp
566 3790 604 3851 e,
629 3769 745 3835 flentes
773 3785 886 3833 casum
908 3760 1033 3847 babis,
1060 3758 1206 3831 Narcissi
1224 3783 1287 3829 no«

135 3855 221 3925 tniue
244 3862 404 3923 notarunt.

93 4049 129 4099 lo
330 4008 424 4087 iiiii.
478 4014 672 4091 Sirenes
694 4019 753 4115 ,ei
786 4005 1092 4104 Proserpina.

136 4192 141 4199 -
210 4140 366 4223 Sirenes,
387 4140 517 4215 Acheloi
539 4141 626 4209 fluvii
647 4149 682 4207 et
697 4131 1048 4238 MelpomenesMusae
1068 4134 1162 4237 filiae,
1184 4156 1290 4236 quorum
1326 4128 1329 4137 ⁴

134 4228 366 4319 Proserpinam
388 4240 513 4319 raptam
531 4226 758 4317 requirerent,
787 4232 823 4292 et
848 4242 922 4289 eam
949 4241 1077 4289 mmrme
1104 4233 1290 4305 invenisset,
