2684 4606
150 150 231 232 roa
466 153 650 260 Myrhogr.
675 157 760 230 nr.
814 156 856 231 o.
909 154 977 231 ar.

137 360 237 429 onae
262 335 472 406 moralitatem
493 360 624 430 pravam
650 337 836 419 concilient,
858 337 1008 428 physicas
1031 341 1116 409 rero‘
1129 340 1293 432 opiniones
1318 376 1329 413 .-

149 426 278 493 minime
309 428 446 513 sapiant·
504 423 602 501 Quod
641 448 717 491 vero
753 423 921 492 introitum·
953 426 1130 495 interorum
1163 428 1294 495 cuilibet

149 525 263 580 noctes
290 524 387 598 atque
409 510 478 591 dies
499 525 628 602 patere,
653 511 771 578 exitum
793 533 868 579 vero
888 511 1049 587 difficilem
1063 513 1294 601 esselegimus,
1324 564 1330 583 .

149 608 207 665 ant
228 598 355 687 po'e'rioe
376 597 496 664 dietum
525 611 593 679 est,
623 604 684 665 'ant
713 598 756 663 ab
786 596 909 664 illorum
939 599 1088 687 opinione
1115 598 1294 679 descendit,

123 682 203 772 equi
235 706 347 750 omnes
376 683 496 751 animas
525 683 724 751 descendere
749 682 881 784 quidem
908 695 941 750 et
968 685 1166 775 incorporari
1184 709 1330 774 posse,‚·

149 770 232 835 bene
259 769 428 836 virentium
460 791 535 835 vero
564 771 684 837 animas
712 790 893 856 superrores
917 769 1073 851 circulos,
1106 771 1141 837 id
1169 784 1221 839 est
1250 770 1293 839 ad

147 855 195 919 ori
222 855 305 921 inem
327 878 417 922 suam
442 854 534 921 laeile
555 855 678 934 redire:
700 853 788 944 quod
800 853 956 943 Pompejo
972 858 1114 924 attribuit
1125 857 1292 925 Lucanus.
1315 916 1320 925 .

146 878 235 1007 Maio
263 942 430 1008 viventium
460 954 567 1008 autem
596 941 773 1023 diutiusjn
800 940 849 1006 his
879 963 938 1029 pro
968 944 1145 1010 mutatione
1166 942 1294 1011 diversa
1321 958 1327 973 ·

148 1028 338 1093 commorari
361 1020 569 1115 corporibus,
598 1039 631 1095 et
654 1028 702 1094 sic
723 1024 809 1114 apud
831 1027 954 1092 inferes
976 1050 1103 1117 semper
1123 1052 1197 1096 esse
1213 1051 1294 1095 ouu-

106 1111 291 1181 1otendunt
326 1112 420 1180 Solos
443 1115 525 1180 enim
548 1135 648 1202 saepe
665 1111 772 1179 redire
789 1135 888 1215 posse
909 1112 1010 1182 innuit
1026 1113 1187 1201 Virgilius,
1209 1137 1292 1203 quos

100 1277 103 1283 Ι
147 1192 251 1284 diligit
280 1200 447 1287 Juppiter‚
480 1201 544 1268 hoo
573 1211 641 1280 est,
676 1221 757 1287 quos
788 1220 822 1264 m
853 1209 926 1266 ortu
960 1199 1118 1289 benignos
1148 1198 1293 1269 sidernrn

146 1295 297 1374 aspectus
317 1285 457 1352 irradiat
500 1285 595 1354 Unde
614 1283 795 1353 Juvenalis:

35 1372 47 1393 ‘
421 1370 423 1375 ’
705 1370 820 1435 distat
848 1369 942 1436 enim
962 1393 1051 1458 qaae

233 1454 361 1521 Sidera
384 1463 419 1518 te
438 1454 619 1543 excipiant
639 1455 738 1520 modo
753 1453 889 1543 primos
909 1455 1117 1545 incipiente·

105 1554 140 1604 1⁶
230 1539 346 1606 Edere
371 1538 518 1626 vagitas
990 1594 994 1603 .

169 1645 229 1692 uos
250 1622 420 1714 prudentia
440 1623 603 1703 subierat,
631 1620 665 1688 id
683 1633 751 1702 est,
778 1647 863 1713 qnos
882 1622 1012 1688 arciens
1031 1621 1147 1688 evexit
1168 1621 1220 1689 ad
1240 1624 1292 1689 ai·
1328 1650 1330 1657 ·

143 1647 233 1775 :iera
253 1711 389 1786 virtne3
420 1723 453 1774 et
481 1709 666 1796 religiosos,
693 1731 775 1795 quos
802 1707 902 1776 ediis
924 1708 1052 1797 genitos
1071 1706 1157 1775 dicit.
1201 1709 1291 1778 Gon-
1324 1766 1329 1777 .

146 1816 285 1884 sequens
307 1795 388 1862 eninr
412 1806 478 1873 est,
511 1808 546 1861 ut
574 1793 709 1859 deornm
730 1794 855 1861 soboles
875 1796 1081 1882 religionibus
1103 1804 1207 1862 vacet
1286 1834 1295 1853 .-

231 1883 284 1946 21.
325 1879 379 1945 De
400 1880 549 1959 Tantalo,
570 1880 624 1967 qui
644 1878 729 1967 apud
749 1879 869 1947 inferos
891 1882 1029 1969 punitur,
1056 1880 1156 1948 habet
1170 1878 1321 1959 fabula:

104 1964 236 2054 eoquod
270 1965 512 2033 Corinthiorum
545 1988 602 2031 rex
634 1965 747 2045 fuerit,
787 1966 908 2034 amicus
938 1966 1129 2034 numinibus.
1191 1966 1290 2041 Quae

64 2084 68 2095 =
147 2074 245 2139 quum
267 2051 452 2136 frequenter
477 2052 561 2118 susci
586 2063 674 2132 eret,
706 2063 740 2118 et
772 2051 912 2140 quodam
940 2065 1085 2142 tempore
1112 2049 1291 2119 defuissent

102 2200 105 2207 ,
147 2137 278 2225 epulae,
306 2137 403 2202 lilium
434 2159 526 2203 suurn
551 2075 706 2226 idapem
729 2140 872 2204 occisum
893 2138 953 2206 diis
974 2137 1168 2228 epulandum
1181 2160 1312 2227 appo-¹

145 2223 219 2291 snit.
261 2223 359 2290 Tune
386 2224 617 2292 abstinentibus
646 2225 770 2290 cunetis
799 2226 902 2292 Ceres
930 2226 1097 2291 humerum
1125 2223 1195 2314 ejus
1216 2224 1317 2312 glu-·

98 2374 104 2389 ,
146 2309 242 2377 tiritv
264 2317 306 2377 nt
332 2330 431 2397 quum
457 2333 531 2376 eum
555 2310 599 2377 ad
619 2332 754 2399 superos
775 2308 819 2376 dii
839 2333 899 2399 per
918 2311 1112 2378 Mercurium
1134 2332 1291 2377 revocare

100 2395 277 2477 avellem,
314 2397 474 2463 eburneus
505 2396 536 2462 ei
568 2397 718 2464 humerus
751 2411 801 2464 est
834 2397 1011 2466 restiturus:
1063 2397 1144 2464 Ideo
1181 2409 1289 2466 aurem

146 2482 249 2548 Ceres
280 2482 395 2548 dicitur
422 2483 618 2564 comedisse,
647 2483 721 2571 quia
750 2484 819 2571 ipsa
840 2496 891 2552 est
910 2496 1013 2565 terra,
1041 2505 1126 2573 quae
1149 2505 1289 2572 corpora

67 2602 70 2607 ·
145 2567 282 2636 resolvit
323 2567 391 2635 Per
419 2569 614 2636 Mercurium
643 2591 720 2636 rere
747 2569 823 2634 ideo
842 2571 977 2658 fingitur
999 2580 1186 2650 revocatus,
1213 2570 1290 2659 quia

132 2668 179 2723 ,et
198 2656 269 2742 ipse
291 2668 340 2722 est
362 2656 539 2723 seeundum
567 2654 723 2744 quosdam
752 2653 832 2721 deus
862 2655 1066 2744 prudentiae,
1101 2676 1162 2743 per
1183 2676 1289 2743 ¹quam

144 2738 324 2828 philosophi
352 2742 616 2829 palingenesiam,
650 2740 685 2806 id
720 2753 770 2807 est
803 2741 974 2808 iteratam
1007 2739 1291 2828 generationem,

101 2825 194 2892 aurel
214 2822 492 2916 μιτεμιιιιῖχωσιν,
523 2829 555 2893 id
587 2838 637 2894 est
666 2824 913 2892 transitionem
938 2826 1080 2903 animae
1110 2823 1292 2915 deprehen·
1323 2836 1330 2911 J

144 2910 269 2978 derunt.
311 2906 427 2983 Πάλιν
458 2935 597 3001 namque
628 2912 774 2990 iterum,
818 2914 948 3001 γένεσις
975 2911 1181 2998 generatim
1211 2913 1290 2981 irem

122 3058 126 3071 ,
158 2991 230 3065 reri
255 3007 368 3072 trans,
387 2993 479 3088 ψυχὴ
499 3000 622 3064 anima
641 2998 879 3084 interpretatur.
920 2995 1077 3064 'l'antalus
1098 3007 1206 3063 autem
1227 2999 1292 3065 bac

92 3136 109 3167 v
155 3105 218 3168 ege
240 3080 327 3168 apud
347 3083 468 3150 inferos
489 3083 657 3152 damnatus
686 3082 821 3163 dieitur,
852 3094 889 3151 ut
915 3083 948 3149 in
974 3081 1138 3161 Eridano,
1167 3084 1309 3155 intem·

142 3191 213 3235 rrnn
236 3169 349 3243 fluvio,
380 3182 486 3251 stans,
513 3193 618 3260 neque
639 3167 734 3234 undis
758 3170 994 3258 praesentibus,
1016 3191 1078 3235 neo
1100 3168 1210 3237 ricinis
1230 3194 1291 3261 po·

41 3257 44 3265 ’
99 3255 250 3322 nomeriis
272 3254 465 3343 perfruatur.
492 3255 560 3323 Per
582 3257 667 3322 hune
688 3254 787 3341 igitur
807 3257 938 3323 avaritia
960 3255 1158 3345 designatur.
1190 3256 1291 3325 Unde

29 3358 31 3362 ⁴
142 3354 177 3410 et
216 3339 373 3412 Tantalus
402 3340 537 3421 dicitur,
580 3342 667 3430 quod
695 3341 924 3429 interpretatur
958 3341 1126 3409 visionem
1159 3343 1312 3431 volens,¹

142 3431 263 3494 Avarus
284 3428 410 3512 itaque,
432 3427 557 3494 fruendi
578 3452 638 3496 usu
661 3425 841 3509 destitutus,
864 3444 970 3495 rernm
995 3448 1124 3493 suarum
1145 3430 1290 3516 pasoitur

142 3515 274 3581 risione.
332 3513 419 3578 Sane
448 3514 644 3605 Eridanum,
671 3514 703 3581 in
731 3538 796 3603 quo
828 3526 916 3582 stare
944 3514 986 3580 fin
1014 3513 1094 3592 itur,
1132 3512 1166 3579 in
1197 3515 1291 3583 caelo

142 3601 259 3666 Aratus
281 3620 354 3665 esse
376 3597 471 3682 dicit,
503 3601 591 3670 haud
611 3602 709 3686 longe
732 3624 751 3666 a
771 3601 975 3690 signo„quo
1021 3600 1138 3666 Oetam
1160 3599 1289 3671 dicitur.
1326 3658 1329 3665 .

102 3684 274 3751 &Sedet
304 3686 336 3750 in
365 3688 457 3754 terris
488 3702 557 3768 eat,
584 3688 617 3754 in
638 3687 773 3753 Venetia
794 3689 931 3765 seilicet,
963 3709 1047 3774 quae
1073 3683 1185 3751 ltaliae
1213 3712 1290 3777 pars

143 3782 210 3844 est,
238 3771 413 3860 Padusque
443 3787 585 3843 vocatur.
633 3773 734 3840 Hunc
761 3771 811 3841 alii
840 3773 880 3839 nd
906 3773 1026 3842 inferos
1054 3772 1207 3854 tendere,
1238 3775 1289 3842 alii
1317 3782 1330 3855 ⁸.

143 3854 230 3945 apud
259 3857 378 3925 inferos
408 3863 495 3927 nasci
526 3872 560 3927 et
591 3879 610 3924 a
636 3859 729 3927 terris
752 3861 838 3925 exire
858 3859 975 3926 volunt.
1017 3859 1111 3932 Quae
1132 3858 1207 3925 ideo
1228 3862 1287 3928 firr-
1325 3858 1330 3899 ³

171 3954 282 4011 untur.
304 3947 378 4030 quia
399 3944 441 4012 de
459 3945 613 4036 Apennini
634 3957 727 4035 parte
749 3946 865 4025 oritur,
896 3969 980 4033 quaa
1004 3956 1129 4034 spectat
1149 3947 1285 4014 inferum
1319 3960 1329 4025 ⁸,

142 3965 233 4096 iram
254 4028 459 4115 'l'yrrhenum
480 4033 619 4110 scilicet,
648 4031 736 4119 quod
768 4034 808 4097 ab
835 4032 1004 4098 occidente
1030 4030 1131 4117 cingit
1152 4032 1285 4111 ltaliam,

101 4126 178 4265 mli
196 4112 337 4216 tenditur
358 4141 459 4210 usqua
481 4117 523 4193 ad
548 4138 718 4211 superum,
746 4117 942 4188 Adriaticum
964 4117 1103 4195 scilicet,
1127 4118 1215 4205 quod
1236 4131 1286 4187 est
1320 4122 1324 4129 '

131 4224 153 4266 a
207 4211 341 4267 orrente.

50 827 56 861 l
