<?xml version="1.0" encoding="UTF-8"?>
<!DOCTYPE html PUBLIC "-//W3C//DTD XHTML 1.0 Transitional//EN"
    "http://www.w3.org/TR/xhtml1/DTD/xhtml1-transitional.dtd">
<html xmlns="http://www.w3.org/1999/xhtml" xml:lang="en" lang="en">
 <head>
  <title>
</title>
<meta http-equiv="Content-Type" content="text/html;charset=utf-8" />
  <meta name='ocr-system' content='tesseract 3.04.00' />
  <meta name='ocr-capabilities' content='ocr_page ocr_carea ocr_par ocr_line ocrx_word'/>
</head>
<body>
  <div class='ocr_page' id='page_1' title='image "./scriptoresrereu00bodegoog_0162.png"; bbox 0 0 2684 4606; ppageno 0'>
   <div class='ocr_carea' id='block_1_1' title="bbox 276 96 1205 283">
    <p class='ocr_par' dir='ltr' id='par_1_1' title="bbox 276 96 1205 283">
     <span class='ocr_line' id='line_1_1' title="bbox 276 96 1205 283; baseline 0.005 -52"><span class='ocrx_word' id='word_1_1' title='bbox 276 96 522 283; x_wconf 35' lang='lat' dir='ltr'><strong>&#39;&#39;·³Mythogh.</strong></span> <span class='ocrx_word' id='word_1_2' title='bbox 554 155 605 228; x_wconf 84' lang='grc' dir='ltr'><strong>Π.</strong></span> <span class='ocrx_word' id='word_1_3' title='bbox 662 122 910 231; x_wconf 84' lang='grc'><strong>178-181.</strong></span> <span class='ocrx_word' id='word_1_4' title='bbox 999 111 1004 119; x_wconf 27' lang='lat'><strong><em>¹</em></strong></span> <span class='ocrx_word' id='word_1_5' title='bbox 1125 159 1205 237; x_wconf 73' lang='grc'><strong>155</strong></span> 
     </span>
    </p>
   </div>
   <div class='ocr_carea' id='block_1_2' title="bbox 54 332 1228 864">
    <p class='ocr_par' dir='ltr' id='par_1_2' title="bbox 54 332 1228 864">
     <span class='ocr_line' id='line_1_2' title="bbox 61 332 1205 434; baseline 0.005 -24"><span class='ocrx_word' id='word_1_6' title='bbox 61 342 311 434; x_wconf 85' lang='lat' dir='ltr'><strong>pulcherrimum</strong></span> <span class='ocrx_word' id='word_1_7' title='bbox 344 349 378 406; x_wconf 89' lang='lat' dir='ltr'><strong>et</strong></span> <span class='ocrx_word' id='word_1_8' title='bbox 394 350 613 407; x_wconf 85' lang='lat' dir='ltr'><strong>mansuetum.</strong></span> <span class='ocrx_word' id='word_1_9' title='bbox 657 341 761 416; x_wconf 87' lang='lat' dir='ltr'><strong>Quem</strong></span> <span class='ocrx_word' id='word_1_10' title='bbox 810 332 883 408; x_wconf 91' lang='lat' dir='ltr'><strong>uuin</strong></span> <span class='ocrx_word' id='word_1_11' title='bbox 907 342 1071 431; x_wconf 84' lang='lat' dir='ltr'><strong>diligeret,</strong></span> <span class='ocrx_word' id='word_1_12' title='bbox 1103 346 1205 416; x_wconf 88' lang='lat' dir='ltr'><strong>lassus</strong></span> 
     </span>
     <span class='ocr_line' id='line_1_3' title="bbox 57 366 1205 516; baseline 0.003 -20"><span class='ocrx_word' id='word_1_13' title='bbox 57 452 206 496; x_wconf 90' lang='lat' dir='ltr'><strong>somnum</strong></span> <span class='ocrx_word' id='word_1_14' title='bbox 234 431 294 495; x_wconf 86' lang='lat' dir='ltr'><strong>sub</strong></span> <span class='ocrx_word' id='word_1_15' title='bbox 323 426 441 492; x_wconf 86' lang='lat' dir='ltr'><strong>arbore</strong></span> <span class='ocrx_word' id='word_1_16' title='bbox 469 449 603 514; x_wconf 87' lang='lat' dir='ltr'><strong>carpere</strong></span> <span class='ocrx_word' id='word_1_17' title='bbox 633 428 747 516; x_wconf 90' lang='lat' dir='ltr'><strong>coepit.</strong></span> <span class='ocrx_word' id='word_1_18' title='bbox 787 366 907 497; x_wconf 54' lang='lat' dir='ltr'><strong>(dubito</strong></span> <span class='ocrx_word' id='word_1_19' title='bbox 938 432 1094 498; x_wconf 88' lang='lat' dir='ltr'><strong>excitatus</strong></span> <span class='ocrx_word' id='word_1_20' title='bbox 1123 446 1205 500; x_wconf 82' lang='lat' dir='ltr'><strong>stre·</strong></span> 
     </span>
     <span class='ocr_line' id='line_1_4' title="bbox 56 511 1205 605; baseline 0.004 -24"><span class='ocrx_word' id='word_1_21' title='bbox 56 518 147 604; x_wconf 91' lang='lat' dir='ltr'><strong>pitu,</strong></span> <span class='ocrx_word' id='word_1_22' title='bbox 173 512 307 581; x_wconf 86' lang='lat' dir='ltr'><strong>&#39;cervum</strong></span> <span class='ocrx_word' id='word_1_23' title='bbox 335 512 434 599; x_wconf 86' lang='lat' dir='ltr'><strong>longe</strong></span> <span class='ocrx_word' id='word_1_24' title='bbox 462 512 555 593; x_wconf 82' lang='lat' dir='ltr'><strong>ridit;</strong></span> <span class='ocrx_word' id='word_1_25' title='bbox 589 535 682 599; x_wconf 88' lang='lat' dir='ltr'><strong>quem</strong></span> <span class='ocrx_word' id='word_1_26' title='bbox 716 511 850 580; x_wconf 88' lang='lat' dir='ltr'><strong>credens</strong></span> <span class='ocrx_word' id='word_1_27' title='bbox 883 514 1073 605; x_wconf 75' lang='lat' dir='ltr'><strong>silvestrem,</strong></span> <span class='ocrx_word' id='word_1_28' title='bbox 1108 521 1205 586; x_wconf 89' lang='lat' dir='ltr'><strong>missa</strong></span> 
     </span>
     <span class='ocr_line' id='line_1_5' title="bbox 55 597 1203 690; baseline 0.003 -22"><span class='ocrx_word' id='word_1_29' title='bbox 55 603 179 690; x_wconf 88' lang='lat' dir='ltr'><strong>sagitta</strong></span> <span class='ocrx_word' id='word_1_30' title='bbox 202 622 275 665; x_wconf 91' lang='lat' dir='ltr'><strong>eum</strong></span> <span class='ocrx_word' id='word_1_31' title='bbox 298 597 475 676; x_wconf 78' lang='lat' dir='ltr'><strong>interemit,</strong></span> <span class='ocrx_word' id='word_1_32' title='bbox 507 597 683 686; x_wconf 85' lang='lat' dir='ltr'><strong>agnitoque</strong></span> <span class='ocrx_word' id='word_1_33' title='bbox 707 600 741 664; x_wconf 95' lang='lat' dir='ltr'><strong>in</strong></span> <span class='ocrx_word' id='word_1_34' title='bbox 770 610 891 666; x_wconf 89' lang='lat' dir='ltr'><strong>tantum</strong></span> <span class='ocrx_word' id='word_1_35' title='bbox 906 602 1075 685; x_wconf 78' lang='lat' dir='ltr'><strong>¹elitabu&#39;it,</strong></span> <span class='ocrx_word' id='word_1_36' title='bbox 1104 616 1141 671; x_wconf 88' lang='lat' dir='ltr'><strong>ut</strong></span> <span class='ocrx_word' id='word_1_37' title='bbox 1160 603 1203 681; x_wconf 83' lang='lat' dir='ltr'><strong>ab</strong></span> 
     </span>
     <span class='ocr_line' id='line_1_6' title="bbox 54 683 1228 786; baseline 0.003 -34"><span class='ocrx_word' id='word_1_38' title='bbox 54 689 141 754; x_wconf 88' lang='lat' dir='ltr'><strong>omni</strong></span> <span class='ocrx_word' id='word_1_39' title='bbox 163 686 236 752; x_wconf 90' lang='lat' dir='ltr'><strong>cibo</strong></span> <span class='ocrx_word' id='word_1_40' title='bbox 260 696 294 750; x_wconf 91' lang='lat' dir='ltr'><strong>et</strong></span> <span class='ocrx_word' id='word_1_41' title='bbox 312 697 391 786; x_wconf 89' lang='lat' dir='ltr'><strong>potu</strong></span> <span class='ocrx_word' id='word_1_42' title='bbox 413 683 594 749; x_wconf 77' lang='lat' dir='ltr'><strong>abstineret.</strong></span> <span class='ocrx_word' id='word_1_43' title='bbox 638 685 712 763; x_wconf 82' lang='lat' dir='ltr'><strong>Quo</strong></span> <span class='ocrx_word' id='word_1_44' title='bbox 732 686 938 766; x_wconf 80' lang='lat' dir='ltr'><strong>tabescente,</strong></span> <span class='ocrx_word' id='word_1_45' title='bbox 959 688 1069 776; x_wconf 81' lang='lat' dir='ltr'><strong>Apollo</strong></span> <span class='ocrx_word' id='word_1_46' title='bbox 1088 691 1228 758; x_wconf 80' lang='lat' dir='ltr'><strong>miser-⁶</strong></span> 
     </span>
     <span class='ocr_line' id='line_1_7' title="bbox 54 769 1104 864; baseline 0.002 -24"><span class='ocrx_word' id='word_1_47' title='bbox 54 787 106 842; x_wconf 86' lang='lat' dir='ltr'><strong>tus</strong></span> <span class='ocrx_word' id='word_1_48' title='bbox 128 772 218 864; x_wconf 88' lang='lat' dir='ltr'><strong>ejus,</strong></span> <span class='ocrx_word' id='word_1_49' title='bbox 247 780 341 840; x_wconf 81' lang='lat' dir='ltr'><strong>verm</strong></span> <span class='ocrx_word' id='word_1_50' title='bbox 362 792 436 836; x_wconf 92' lang='lat' dir='ltr'><strong>eum</strong></span> <span class='ocrx_word' id='word_1_51' title='bbox 456 769 488 834; x_wconf 93' lang='lat' dir='ltr'><strong>in</strong></span> <span class='ocrx_word' id='word_1_52' title='bbox 511 770 659 836; x_wconf 84' lang='lat' dir='ltr'><strong>arborem</strong></span> <span class='ocrx_word' id='word_1_53' title='bbox 680 771 730 838; x_wconf 90' lang='lat' dir='ltr'><strong>sui</strong></span> <span class='ocrx_word' id='word_1_54' title='bbox 752 771 884 838; x_wconf 92' lang='lat' dir='ltr'><strong>nominis</strong></span> <span class='ocrx_word' id='word_1_55' title='bbox 906 794 1104 861; x_wconf 83' lang='lat' dir='ltr'><strong>cupressum.</strong></span> 
     </span>
    </p>
   </div>
   <div class='ocr_carea' id='block_1_3' title="bbox 368 922 886 1017">
    <p class='ocr_par' dir='ltr' id='par_1_3' title="bbox 368 922 886 1017">
     <span class='ocr_line' id='line_1_8' title="bbox 368 922 886 1017; baseline 0.006 -4"><span class='ocrx_word' id='word_1_56' title='bbox 368 922 463 1013; x_wconf 84' lang='grc'><strong>178.</strong></span> <span class='ocrx_word' id='word_1_57' title='bbox 517 940 691 1015; x_wconf 85' lang='lat' dir='ltr'><strong>Eadem.</strong></span> <span class='ocrx_word' id='word_1_58' title='bbox 717 941 886 1017; x_wconf 85' lang='lat' dir='ltr'><strong>fabula.</strong></span> 
     </span>
    </p>
   </div>
   <div class='ocr_carea' id='block_1_4' title="bbox 55 1066 1245 1503">
    <p class='ocr_par' dir='ltr' id='par_1_4' title="bbox 55 1066 1303 1503">
     <span class='ocr_line' id='line_1_9' title="bbox 140 1066 1201 1161; baseline 0.004 -24"><span class='ocrx_word' id='word_1_59' title='bbox 140 1070 306 1151; x_wconf 79' lang='lat' dir='ltr'><strong>Silvanus,</strong></span> <span class='ocrx_word' id='word_1_60' title='bbox 333 1067 413 1135; x_wconf 90' lang='lat' dir='ltr'><strong>deus</strong></span> <span class='ocrx_word' id='word_1_61' title='bbox 435 1067 599 1150; x_wconf 84' lang='lat' dir='ltr'><strong>silvarum,</strong></span> <span class='ocrx_word' id='word_1_62' title='bbox 631 1066 790 1139; x_wconf 85' lang='lat' dir='ltr'><strong>adamavit</strong></span> <span class='ocrx_word' id='word_1_63' title='bbox 811 1080 962 1160; x_wconf 88' lang='lat' dir='ltr'><strong>puerum,</strong></span> <span class='ocrx_word' id='word_1_64' title='bbox 993 1071 1201 1161; x_wconf 81' lang='lat' dir='ltr'><strong>Cyparissum</strong></span> 
     </span>
     <span class='ocr_line' id='line_1_10' title="bbox 56 1154 1200 1247; baseline 0.002 -25"><span class='ocrx_word' id='word_1_65' title='bbox 56 1159 198 1237; x_wconf 86' lang='lat' dir='ltr'><strong>nomine,</strong></span> <span class='ocrx_word' id='word_1_66' title='bbox 227 1157 281 1243; x_wconf 91' lang='lat' dir='ltr'><strong>qui</strong></span> <span class='ocrx_word' id='word_1_67' title='bbox 311 1155 453 1220; x_wconf 89' lang='lat' dir='ltr'><strong>habebat</strong></span> <span class='ocrx_word' id='word_1_68' title='bbox 478 1154 762 1222; x_wconf 90' lang='lat' dir='ltr'><strong>mansuetissimam</strong></span> <span class='ocrx_word' id='word_1_69' title='bbox 792 1181 929 1223; x_wconf 86' lang='lat' dir='ltr'><strong>cervam.</strong></span> <span class='ocrx_word' id='word_1_70' title='bbox 980 1158 1077 1224; x_wconf 90' lang='lat' dir='ltr'><strong>Hanc</strong></span> <span class='ocrx_word' id='word_1_71' title='bbox 1102 1182 1200 1247; x_wconf 92' lang='lat' dir='ltr'><strong>quum</strong></span> 
     </span>
     <span class='ocr_line' id='line_1_11' title="bbox 56 1237 1245 1333; baseline 0.004 -22"><span class='ocrx_word' id='word_1_72' title='bbox 56 1244 201 1311; x_wconf 84' lang='lat' dir='ltr'><strong>Silvanus</strong></span> <span class='ocrx_word' id='word_1_73' title='bbox 223 1242 349 1308; x_wconf 86' lang='lat' dir='ltr'><strong>nescius</strong></span> <span class='ocrx_word' id='word_1_74' title='bbox 371 1237 559 1322; x_wconf 90' lang='lat' dir='ltr'><strong>occidisset,</strong></span> <span class='ocrx_word' id='word_1_75' title='bbox 590 1262 671 1330; x_wconf 89' lang='lat' dir='ltr'><strong>puer</strong></span> <span class='ocrx_word' id='word_1_76' title='bbox 685 1250 742 1309; x_wconf 77' lang='lat' dir='ltr'><strong>est</strong></span> <span class='ocrx_word' id='word_1_77' title='bbox 765 1244 920 1310; x_wconf 81' lang='lat' dir='ltr'><strong>extinctus</strong></span> <span class='ocrx_word' id='word_1_78' title='bbox 938 1241 1072 1325; x_wconf 63' lang='lat' dir='ltr'><strong>&#39;dolore3</strong></span> <span class='ocrx_word' id='word_1_79' title='bbox 1103 1265 1245 1333; x_wconf 88' lang='lat' dir='ltr'><strong>quemlo</strong></span> 
     </span>
     <span class='ocr_line' id='line_1_12' title="bbox 56 1327 1202 1419; baseline 0.004 -25"><span class='ocrx_word' id='word_1_80' title='bbox 56 1341 179 1396; x_wconf 89' lang='lat' dir='ltr'><strong>amator</strong></span> <span class='ocrx_word' id='word_1_81' title='bbox 201 1327 281 1393; x_wconf 90' lang='lat' dir='ltr'><strong>deus</strong></span> <span class='ocrx_word' id='word_1_82' title='bbox 303 1329 334 1391; x_wconf 93' lang='lat' dir='ltr'><strong>in</strong></span> <span class='ocrx_word' id='word_1_83' title='bbox 357 1347 563 1412; x_wconf 84' lang='lat' dir='ltr'><strong>cupressum,</strong></span> <span class='ocrx_word' id='word_1_84' title='bbox 592 1329 740 1392; x_wconf 87' lang='lat' dir='ltr'><strong>arborem</strong></span> <span class='ocrx_word' id='word_1_85' title='bbox 762 1329 896 1394; x_wconf 89' lang='lat' dir='ltr'><strong>nominis</strong></span> <span class='ocrx_word' id='word_1_86' title='bbox 919 1329 1005 1419; x_wconf 89' lang='lat' dir='ltr'><strong>ejus,</strong></span> <span class='ocrx_word' id='word_1_87' title='bbox 1035 1332 1202 1414; x_wconf 83' lang='lat' dir='ltr'><strong>convertit,</strong></span> 
     </span>
     <span class='ocr_line' id='line_1_13' title="bbox 55 1411 934 1503; baseline -0.005 -21"><span class='ocrx_word' id='word_1_88' title='bbox 55 1438 156 1503; x_wconf 90' lang='lat' dir='ltr'><strong>quam·</strong></span> <span class='ocrx_word' id='word_1_89' title='bbox 172 1413 269 1481; x_wconf 92' lang='lat' dir='ltr'><strong>etiam</strong></span> <span class='ocrx_word' id='word_1_90' title='bbox 290 1435 349 1502; x_wconf 92' lang='lat' dir='ltr'><strong>pro</strong></span> <span class='ocrx_word' id='word_1_91' title='bbox 371 1411 484 1478; x_wconf 87' lang='lat' dir='ltr'><strong>solatio</strong></span> <span class='ocrx_word' id='word_1_92' title='bbox 506 1412 636 1480; x_wconf 77' lang='lat' dir='ltr'><strong>extincti</strong></span> <span class='ocrx_word' id='word_1_93' title='bbox 656 1425 788 1501; x_wconf 88' lang='lat' dir='ltr'><strong>portare</strong></span> <span class='ocrx_word' id='word_1_94' title='bbox 809 1413 934 1483; x_wconf 90' lang='lat' dir='ltr'><strong>dicitur.</strong></span> 
     </span>
    </p>
   </div>
   <div class='ocr_carea' id='block_1_5' title="bbox 421 1573 836 1679">
    <p class='ocr_par' dir='ltr' id='par_1_5' title="bbox 421 1573 836 1679">
     <span class='ocr_line' id='line_1_14' title="bbox 421 1573 836 1679; baseline 0.012 -30"><span class='ocrx_word' id='word_1_95' title='bbox 421 1573 515 1649; x_wconf 84' lang='grc'><strong>178.</strong></span> <span class='ocrx_word' id='word_1_96' title='bbox 577 1578 836 1679; x_wconf 81' lang='lat' dir='ltr'><strong>Priapus.</strong></span> 
     </span>
    </p>
   </div>
   <div class='ocr_carea' id='block_1_6' title="bbox 54 1685 1302 1977">
    <p class='ocr_par' dir='ltr' id='par_1_6' title="bbox 54 1685 1302 1977">
     <span class='ocr_line' id='line_1_15' title="bbox 114 1685 1292 1798; baseline -0.001 -24"><span class='ocrx_word' id='word_1_97' title='bbox 114 1707 278 1797; x_wconf 72' lang='lat' dir='ltr'><strong>Priapus</strong></span> <span class='ocrx_word' id='word_1_98' title='bbox 305 1727 404 1796; x_wconf 91' lang='lat' dir='ltr'><strong>quum</strong></span> <span class='ocrx_word' id='word_1_99' title='bbox 431 1703 541 1773; x_wconf 86' lang='lat' dir='ltr'><strong>Leton</strong></span> <span class='ocrx_word' id='word_1_100' title='bbox 569 1705 766 1797; x_wconf 56' lang='lat' dir='ltr'><strong>Nympham‘</strong></span> <span class='ocrx_word' id='word_1_101' title='bbox 782 1721 919 1777; x_wconf 90' lang='lat' dir='ltr'><strong>amatam</strong></span> <span class='ocrx_word' id='word_1_102' title='bbox 944 1685 1204 1798; x_wconf 84' lang='lat' dir='ltr'><strong>persequeretur,</strong></span> <span class='ocrx_word' id='word_1_103' title='bbox 1251 1744 1292 1761; x_wconf 85' lang='lat'><strong>.</strong></span> 
     </span>
     <span class='ocr_line' id='line_1_16' title="bbox 54 1789 1244 1885; baseline 0.003 -25"><span class='ocrx_word' id='word_1_104' title='bbox 54 1794 104 1862; x_wconf 87' lang='lat' dir='ltr'><strong>illa</strong></span> <span class='ocrx_word' id='word_1_105' title='bbox 134 1793 270 1861; x_wconf 89' lang='lat' dir='ltr'><strong>deorum</strong></span> <span class='ocrx_word' id='word_1_106' title='bbox 299 1789 511 1858; x_wconf 57' lang='lat' dir='ltr'><strong>miseratione*</strong></span> <span class='ocrx_word' id='word_1_107' title='bbox 528 1792 561 1860; x_wconf 93' lang='lat' dir='ltr'><strong>in</strong></span> <span class='ocrx_word' id='word_1_108' title='bbox 584 1795 733 1860; x_wconf 89' lang='lat' dir='ltr'><strong>arborem</strong></span> <span class='ocrx_word' id='word_1_109' title='bbox 762 1814 855 1862; x_wconf 83' lang='lat' dir='ltr'><strong>versa</strong></span> <span class='ocrx_word' id='word_1_110' title='bbox 886 1805 955 1876; x_wconf 89' lang='lat' dir='ltr'><strong>est,</strong></span> <span class='ocrx_word' id='word_1_111' title='bbox 990 1818 1074 1883; x_wconf 92' lang='lat' dir='ltr'><strong>quae</strong></span> <span class='ocrx_word' id='word_1_112' title='bbox 1103 1796 1201 1885; x_wconf 81' lang='lat' dir='ltr'><strong>vulgo</strong></span> <span class='ocrx_word' id='word_1_113' title='bbox 1209 1818 1244 1868; x_wconf 77' lang='lat'><strong>15</strong></span> 
     </span>
     <span class='ocr_line' id='line_1_17' title="bbox 55 1875 1302 1977; baseline -0.01 -31"><span class='ocrx_word' id='word_1_114' title='bbox 55 1876 145 1966; x_wconf 69' lang='lat' dir='ltr'><strong>{aba</strong></span> <span class='ocrx_word' id='word_1_115' title='bbox 165 1880 319 1977; x_wconf 71' lang='lat' dir='ltr'><strong>Syriaca</strong></span> <span class='ocrx_word' id='word_1_116' title='bbox 341 1875 470 1945; x_wconf 89' lang='lat' dir='ltr'><strong>dicitur.</strong></span> <span class='ocrx_word' id='word_1_117' title='bbox 1299 1888 1302 1903; x_wconf 86' lang='grc'><strong>’</strong></span> 
     </span>
    </p>
   </div>
   <div class='ocr_carea' id='block_1_7' title="bbox 265 2045 990 2149">
    <p class='ocr_par' dir='ltr' id='par_1_7' title="bbox 265 2045 990 2149">
     <span class='ocr_line' id='line_1_18' title="bbox 265 2045 990 2149; baseline 0.003 -27"><span class='ocrx_word' id='word_1_118' title='bbox 265 2045 359 2122; x_wconf 86' lang='grc'><strong>180.</strong></span> <span class='ocrx_word' id='word_1_119' title='bbox 414 2045 617 2149; x_wconf 82' lang='lat' dir='ltr'><strong>Alciope</strong></span> <span class='ocrx_word' id='word_1_120' title='bbox 653 2054 697 2123; x_wconf 87' lang='lat' dir='ltr'><strong>el</strong></span> <span class='ocrx_word' id='word_1_121' title='bbox 728 2049 990 2124; x_wconf 82' lang='lat' dir='ltr'><strong>Narcissus.</strong></span> 
     </span>
    </p>
   </div>
   <div class='ocr_carea' id='block_1_8' title="bbox 49 2160 1329 3878">
    <p class='ocr_par' dir='ltr' id='par_1_8' title="bbox 49 2160 1329 3878">
     <span class='ocr_line' id='line_1_19' title="bbox 135 2160 1275 2282; baseline 0.005 -37"><span class='ocrx_word' id='word_1_122' title='bbox 135 2177 269 2266; x_wconf 80' lang='lat' dir='ltr'><strong>Alciope</strong></span> <span class='ocrx_word' id='word_1_123' title='bbox 290 2176 442 2267; x_wconf 90' lang='lat' dir='ltr'><strong>Nympha</strong></span> <span class='ocrx_word' id='word_1_124' title='bbox 463 2200 504 2244; x_wconf 84' lang='lat' dir='ltr'><strong>ex</strong></span> <span class='ocrx_word' id='word_1_125' title='bbox 521 2192 616 2244; x_wconf 87' lang='lat' dir='ltr'><strong>amne</strong></span> <span class='ocrx_word' id='word_1_126' title='bbox 637 2178 779 2282; x_wconf 86' lang='lat' dir='ltr'><strong>Cephiso</strong></span> <span class='ocrx_word' id='word_1_127' title='bbox 800 2160 987 2245; x_wconf 88' lang='lat' dir='ltr'><strong>Narcissum</strong></span> <span class='ocrx_word' id='word_1_128' title='bbox 1010 2178 1200 2265; x_wconf 77' lang='lat' dir='ltr'><strong>procreavit,</strong></span> <span class='ocrx_word' id='word_1_129' title='bbox 1266 2246 1275 2270; x_wconf 62' lang='lat'><em>‚</em></span> 
     </span>
     <span class='ocr_line' id='line_1_20' title="bbox 54 2263 1201 2352; baseline 0 -20"><span class='ocrx_word' id='word_1_130' title='bbox 54 2264 105 2333; x_wconf 89' lang='lat' dir='ltr'><strong>cui</strong></span> <span class='ocrx_word' id='word_1_131' title='bbox 136 2264 283 2331; x_wconf 76' lang='lat' dir='ltr'><strong>&#39;l&#39;iresias</strong></span> <span class='ocrx_word' id='word_1_132' title='bbox 312 2265 418 2330; x_wconf 87' lang='lat' dir='ltr'><strong>omnia</strong></span> <span class='ocrx_word' id='word_1_133' title='bbox 444 2285 600 2352; x_wconf 87' lang='lat' dir='ltr'><strong>prospera</strong></span> <span class='ocrx_word' id='word_1_134' title='bbox 627 2263 783 2352; x_wconf 87' lang='lat' dir='ltr'><strong>polhcitus</strong></span> <span class='ocrx_word' id='word_1_135' title='bbox 813 2281 879 2342; x_wconf 91' lang='lat' dir='ltr'><strong>est,</strong></span> <span class='ocrx_word' id='word_1_136' title='bbox 913 2265 940 2330; x_wconf 91' lang='lat' dir='ltr'><strong>si</strong></span> <span class='ocrx_word' id='word_1_137' title='bbox 973 2264 1201 2352; x_wconf 81' lang='lat' dir='ltr'><strong>pulchritudini</strong></span> 
     </span>
     <span class='ocr_line' id='line_1_21' title="bbox 52 2346 1315 2436; baseline 0.001 -17"><span class='ocrx_word' id='word_1_138' title='bbox 52 2360 177 2419; x_wconf 89' lang='lat' dir='ltr'><strong>tantum</strong></span> <span class='ocrx_word' id='word_1_139' title='bbox 205 2371 285 2417; x_wconf 88' lang='lat' dir='ltr'><strong>suae</strong></span> <span class='ocrx_word' id='word_1_140' title='bbox 313 2372 376 2416; x_wconf 93' lang='lat' dir='ltr'><strong>non</strong></span> <span class='ocrx_word' id='word_1_141' title='bbox 405 2349 488 2415; x_wconf 91' lang='lat' dir='ltr'><strong>adeo</strong></span> <span class='ocrx_word' id='word_1_142' title='bbox 516 2346 702 2416; x_wconf 86' lang='lat' dir='ltr'><strong>confideret.</strong></span> <span class='ocrx_word' id='word_1_143' title='bbox 744 2350 844 2415; x_wconf 90' lang='lat' dir='ltr'><strong>Hunc</strong></span> <span class='ocrx_word' id='word_1_144' title='bbox 871 2349 970 2436; x_wconf 84' lang='lat' dir='ltr'><strong>igitur</strong></span> <span class='ocrx_word' id='word_1_145' title='bbox 990 2350 1103 2428; x_wconf 83' lang='lat' dir='ltr'><strong>Echo,</strong></span> <span class='ocrx_word' id='word_1_146' title='bbox 1138 2352 1244 2420; x_wconf 73' lang='lat' dir='ltr'><strong>liliano</strong></span> <span class='ocrx_word' id='word_1_147' title='bbox 1311 2376 1315 2386; x_wconf 87' lang='grc'><strong>’</strong></span> 
     </span>
     <span class='ocr_line' id='line_1_22' title="bbox 52 2433 1202 2523; baseline 0.001 -19"><span class='ocrx_word' id='word_1_148' title='bbox 52 2437 206 2514; x_wconf 89' lang='lat' dir='ltr'><strong>Junonis,</strong></span> <span class='ocrx_word' id='word_1_149' title='bbox 237 2457 335 2523; x_wconf 91' lang='lat' dir='ltr'><strong>quum</strong></span> <span class='ocrx_word' id='word_1_150' title='bbox 365 2435 534 2523; x_wconf 81' lang='lat' dir='ltr'><strong>diligeret,</strong></span> <span class='ocrx_word' id='word_1_151' title='bbox 561 2449 593 2502; x_wconf 91' lang='lat' dir='ltr'><strong>ct</strong></span> <span class='ocrx_word' id='word_1_152' title='bbox 612 2435 661 2501; x_wconf 87' lang='lat' dir='ltr'><strong>sui</strong></span> <span class='ocrx_word' id='word_1_153' title='bbox 689 2433 829 2523; x_wconf 90' lang='lat' dir='ltr'><strong>potiendi</strong></span> <span class='ocrx_word' id='word_1_154' title='bbox 850 2436 931 2501; x_wconf 84' lang='lat' dir='ltr'><strong>viam</strong></span> <span class='ocrx_word' id='word_1_155' title='bbox 954 2457 1017 2499; x_wconf 93' lang='lat' dir='ltr'><strong>non</strong></span> <span class='ocrx_word' id='word_1_156' title='bbox 1037 2436 1202 2518; x_wconf 87' lang='lat' dir='ltr'><strong>inveniret,</strong></span> 
     </span>
     <span class='ocr_line' id='line_1_23' title="bbox 54 2520 1201 2623; baseline -0.002 -33"><span class='ocrx_word' id='word_1_157' title='bbox 54 2544 167 2590; x_wconf 89' lang='lat' dir='ltr'><strong>amore</strong></span> <span class='ocrx_word' id='word_1_158' title='bbox 175 2520 315 2623; x_wconf 85' lang='lat' dir='ltr'><strong>juvenis,</strong></span> <span class='ocrx_word' id='word_1_159' title='bbox 336 2544 430 2609; x_wconf 90' lang='lat' dir='ltr'><strong>quem</strong></span> <span class='ocrx_word' id='word_1_160' title='bbox 443 2522 591 2587; x_wconf 81' lang='lat' dir='ltr'><strong>extremis</strong></span> <span class='ocrx_word' id='word_1_161' title='bbox 607 2521 736 2587; x_wconf 88' lang='lat' dir='ltr'><strong>vocibus</strong></span> <span class='ocrx_word' id='word_1_162' title='bbox 747 2520 922 2606; x_wconf 78' lang='lat' dir='ltr'><strong>fugientem</strong></span> <span class='ocrx_word' id='word_1_163' title='bbox 937 2522 1201 2608; x_wconf 87' lang='lat' dir='ltr'><strong>persequebatur,</strong></span> 
     </span>
     <span class='ocr_line' id='line_1_24' title="bbox 54 2605 1201 2697; baseline -0.001 -23"><span class='ocrx_word' id='word_1_164' title='bbox 54 2611 210 2675; x_wconf 78' lang='lat' dir='ltr'><strong>extaburt.</strong></span> <span class='ocrx_word' id='word_1_165' title='bbox 254 2606 355 2697; x_wconf 78' lang='lat' dir='ltr'><strong>Cujus</strong></span> <span class='ocrx_word' id='word_1_166' title='bbox 370 2608 401 2672; x_wconf 92' lang='lat' dir='ltr'><strong>in</strong></span> <span class='ocrx_word' id='word_1_167' title='bbox 417 2605 554 2695; x_wconf 85' lang='lat' dir='ltr'><strong>lapidem</strong></span> <span class='ocrx_word' id='word_1_168' title='bbox 571 2628 683 2674; x_wconf 88' lang='lat' dir='ltr'><strong>versae</strong></span> <span class='ocrx_word' id='word_1_169' title='bbox 707 2616 740 2672; x_wconf 92' lang='lat' dir='ltr'><strong>et</strong></span> <span class='ocrx_word' id='word_1_170' title='bbox 760 2606 791 2669; x_wconf 93' lang='lat' dir='ltr'><strong>in</strong></span> <span class='ocrx_word' id='word_1_171' title='bbox 814 2606 973 2674; x_wconf 90' lang='lat' dir='ltr'><strong>montibus</strong></span> <span class='ocrx_word' id='word_1_172' title='bbox 993 2607 1201 2673; x_wconf 87' lang='lat' dir='ltr'><strong>absconditae</strong></span> 
     </span>
     <span class='ocr_line' id='line_1_25' title="bbox 53 2689 1201 2774; baseline -0.003 -13"><span class='ocrx_word' id='word_1_173' title='bbox 53 2717 115 2761; x_wconf 82' lang='lat' dir='ltr'><strong>rex</strong></span> <span class='ocrx_word' id='word_1_174' title='bbox 148 2703 271 2760; x_wconf 88' lang='lat' dir='ltr'><strong>tanturn</strong></span> <span class='ocrx_word' id='word_1_175' title='bbox 303 2690 439 2759; x_wconf 89' lang='lat' dir='ltr'><strong>auditur.</strong></span> <span class='ocrx_word' id='word_1_176' title='bbox 483 2690 523 2757; x_wconf 89' lang='lat' dir='ltr'><strong>Id</strong></span> <span class='ocrx_word' id='word_1_177' title='bbox 549 2703 655 2758; x_wconf 89' lang='lat' dir='ltr'><strong>tamen</strong></span> <span class='ocrx_word' id='word_1_178' title='bbox 685 2692 713 2756; x_wconf 92' lang='lat' dir='ltr'><strong>ei</strong></span> <span class='ocrx_word' id='word_1_179' title='bbox 743 2689 860 2756; x_wconf 90' lang='lat' dir='ltr'><strong>accidit</strong></span> <span class='ocrx_word' id='word_1_180' title='bbox 885 2691 1018 2758; x_wconf 92' lang='lat' dir='ltr'><strong>Junonis</strong></span> <span class='ocrx_word' id='word_1_181' title='bbox 1040 2692 1201 2774; x_wconf 91' lang='lat' dir='ltr'><strong>instinctu,</strong></span> 
     </span>
     <span class='ocr_line' id='line_1_26' title="bbox 54 2776 1329 2868; baseline 0.002 -22"><span class='ocrx_word' id='word_1_182' title='bbox 54 2778 143 2868; x_wconf 87' lang='lat' dir='ltr'><strong>quod</strong></span> <span class='ocrx_word' id='word_1_183' title='bbox 164 2776 353 2867; x_wconf 83' lang='lat' dir='ltr'><strong>garrulitate</strong></span> <span class='ocrx_word' id='word_1_184' title='bbox 374 2802 433 2844; x_wconf 91' lang='lat' dir='ltr'><strong>sua</strong></span> <span class='ocrx_word' id='word_1_185' title='bbox 456 2801 526 2843; x_wconf 90' lang='lat' dir='ltr'><strong>eam</strong></span> <span class='ocrx_word' id='word_1_186' title='bbox 548 2800 646 2866; x_wconf 88' lang='lat' dir='ltr'><strong>saepe</strong></span> <span class='ocrx_word' id='word_1_187' title='bbox 665 2787 750 2844; x_wconf 88' lang='lat' dir='ltr'><strong>esset</strong></span> <span class='ocrx_word' id='word_1_188' title='bbox 770 2786 910 2855; x_wconf 88' lang='lat' dir='ltr'><strong>morata,</strong></span> <span class='ocrx_word' id='word_1_189' title='bbox 938 2800 979 2842; x_wconf 93' lang='lat' dir='ltr'><strong>ne</strong></span> <span class='ocrx_word' id='word_1_190' title='bbox 1005 2778 1244 2860; x_wconf 60' lang='lat' dir='ltr'><strong>Jorem,1iu25</strong></span> <span class='ocrx_word' id='word_1_191' title='bbox 1324 2798 1329 2811; x_wconf 82' lang='lat'><em>¹</em></span> 
     </span>
     <span class='ocr_line' id='line_1_27' title="bbox 53 2860 1201 2964; baseline -0.003 -31"><span class='ocrx_word' id='word_1_192' title='bbox 53 2865 215 2933; x_wconf 89' lang='lat' dir='ltr'><strong>montibus</strong></span> <span class='ocrx_word' id='word_1_193' title='bbox 233 2864 400 2952; x_wconf 85' lang='lat' dir='ltr'><strong>Nymphas</strong></span> <span class='ocrx_word' id='word_1_194' title='bbox 444 2878 683 2950; x_wconf 88' lang='lat' dir='ltr'><strong>ersequentem,</strong></span> <span class='ocrx_word' id='word_1_195' title='bbox 715 2860 964 2964; x_wconf 80' lang='lat' dir='ltr'><strong>deprehendere¹</strong></span> <span class='ocrx_word' id='word_1_196' title='bbox 986 2876 1105 2951; x_wconf 88' lang='lat' dir='ltr'><strong>posset.</strong></span> <span class='ocrx_word' id='word_1_197' title='bbox 1130 2866 1201 2930; x_wconf 74' lang='lat' dir='ltr'><strong>lOb</strong></span> 
     </span>
     <span class='ocr_line' id='line_1_28' title="bbox 54 2888 1202 3028; baseline -0.001 -12"><span class='ocrx_word' id='word_1_198' title='bbox 54 2950 87 3016; x_wconf 92' lang='lat' dir='ltr'><strong>id</strong></span> <span class='ocrx_word' id='word_1_199' title='bbox 107 2954 205 3018; x_wconf 90' lang='lat' dir='ltr'><strong>etiam</strong></span> <span class='ocrx_word' id='word_1_200' title='bbox 228 2951 328 3015; x_wconf 87' lang='lat' dir='ltr'><strong>fertur</strong></span> <span class='ocrx_word' id='word_1_201' title='bbox 350 2951 392 3014; x_wconf 95' lang='lat' dir='ltr'><strong>ob</strong></span> <span class='ocrx_word' id='word_1_202' title='bbox 414 2888 648 3017; x_wconf 79' lang='lat' dir='ltr'><strong>deformitatem</strong></span> <span class='ocrx_word' id='word_1_203' title='bbox 670 2951 829 3016; x_wconf 83' lang='lat' dir='ltr'><strong>montrbus</strong></span> <span class='ocrx_word' id='word_1_204' title='bbox 852 2970 923 3014; x_wconf 89' lang='lat' dir='ltr'><strong>esse</strong></span> <span class='ocrx_word' id='word_1_205' title='bbox 945 2948 1129 3028; x_wconf 90' lang='lat' dir='ltr'><strong>recondita,</strong></span> <span class='ocrx_word' id='word_1_206' title='bbox 1160 2973 1202 3015; x_wconf 92' lang='lat' dir='ltr'><strong>ne</strong></span> 
     </span>
     <span class='ocr_line' id='line_1_29' title="bbox 54 3034 1201 3126; baseline -0.001 -24"><span class='ocrx_word' id='word_1_207' title='bbox 54 3036 134 3126; x_wconf 91' lang='lat' dir='ltr'><strong>quid</strong></span> <span class='ocrx_word' id='word_1_208' title='bbox 164 3035 234 3117; x_wconf 80' lang='lat' dir='ltr'><strong>eius</strong></span> <span class='ocrx_word' id='word_1_209' title='bbox 259 3041 390 3123; x_wconf 89' lang='lat' dir='ltr'><strong>praeter</strong></span> <span class='ocrx_word' id='word_1_210' title='bbox 421 3057 531 3100; x_wconf 87' lang='lat' dir='ltr'><strong>vocem</strong></span> <span class='ocrx_word' id='word_1_211' title='bbox 562 3034 703 3122; x_wconf 90' lang='lat' dir='ltr'><strong>conspici</strong></span> <span class='ocrx_word' id='word_1_212' title='bbox 732 3035 841 3122; x_wconf 89' lang='lat' dir='ltr'><strong>possit.</strong></span> <span class='ocrx_word' id='word_1_213' title='bbox 884 3034 1072 3101; x_wconf 85' lang='lat' dir='ltr'><strong>Narcissum</strong></span> <span class='ocrx_word' id='word_1_214' title='bbox 1094 3045 1201 3102; x_wconf 91' lang='lat' dir='ltr'><strong>autem</strong></span> 
     </span>
     <span class='ocr_line' id='line_1_30' title="bbox 53 3118 1200 3211; baseline -0.003 -21"><span class='ocrx_word' id='word_1_215' title='bbox 53 3121 277 3211; x_wconf 70' lang='lat' dir='ltr'><strong>appradictum</strong></span> <span class='ocrx_word' id='word_1_216' title='bbox 305 3121 347 3185; x_wconf 84' lang='lat' dir='ltr'><strong>ob</strong></span> <span class='ocrx_word' id='word_1_217' title='bbox 369 3118 496 3186; x_wconf 91' lang='lat' dir='ltr'><strong>nimiam</strong></span> <span class='ocrx_word' id='word_1_218' title='bbox 518 3118 757 3207; x_wconf 88' lang='lat' dir='ltr'><strong>despectionem</strong></span> <span class='ocrx_word' id='word_1_219' title='bbox 778 3131 812 3187; x_wconf 91' lang='lat' dir='ltr'><strong>et</strong></span> <span class='ocrx_word' id='word_1_220' title='bbox 832 3118 1072 3202; x_wconf 85' lang='lat' dir='ltr'><strong>crudelitatem,</strong></span> <span class='ocrx_word' id='word_1_221' title='bbox 1104 3144 1200 3206; x_wconf 84' lang='lat' dir='ltr'><strong>qnam</strong></span> 
     </span>
     <span class='ocr_line' id='line_1_31' title="bbox 50 3205 1244 3286; baseline -0.001 -11"><span class='ocrx_word' id='word_1_222' title='bbox 50 3209 84 3275; x_wconf 94' lang='lat' dir='ltr'><strong>in</strong></span> <span class='ocrx_word' id='word_1_223' title='bbox 105 3208 204 3275; x_wconf 85' lang='lat' dir='ltr'><strong>Echo</strong></span> <span class='ocrx_word' id='word_1_224' title='bbox 225 3217 430 3286; x_wconf 83' lang='lat' dir='ltr'><strong>exercuerat,</strong></span> <span class='ocrx_word' id='word_1_225' title='bbox 451 3206 619 3285; x_wconf 85' lang='lat' dir='ltr'><strong>Nemesis,</strong></span> <span class='ocrx_word' id='word_1_226' title='bbox 639 3205 674 3273; x_wconf 90' lang='lat' dir='ltr'><strong>id</strong></span> <span class='ocrx_word' id='word_1_227' title='bbox 695 3217 744 3272; x_wconf 89' lang='lat' dir='ltr'><strong>est</strong></span> <span class='ocrx_word' id='word_1_228' title='bbox 763 3205 910 3273; x_wconf 85' lang='lat' dir='ltr'><strong>Fortuna</strong></span> <span class='ocrx_word' id='word_1_229' title='bbox 928 3207 1019 3273; x_wconf 86' lang='lat' dir='ltr'><strong>ultrix</strong></span> <span class='ocrx_word' id='word_1_230' title='bbox 1039 3205 1244 3274; x_wconf 80' lang='lat' dir='ltr'><strong>lastidian-eo</strong></span> 
     </span>
     <span class='ocr_line' id='line_1_32' title="bbox 52 3290 1277 3380; baseline -0.003 -19"><span class='ocrx_word' id='word_1_231' title='bbox 52 3295 151 3376; x_wconf 88' lang='lat' dir='ltr'><strong>tium,</strong></span> <span class='ocrx_word' id='word_1_232' title='bbox 171 3294 216 3374; x_wconf 73' lang='lat' dir='ltr'><strong>tiu</strong></span> <span class='ocrx_word' id='word_1_233' title='bbox 248 3312 390 3358; x_wconf 86' lang='lat' dir='ltr'><strong>amorem</strong></span> <span class='ocrx_word' id='word_1_234' title='bbox 410 3293 461 3358; x_wconf 91' lang='lat' dir='ltr'><strong>sui</strong></span> <span class='ocrx_word' id='word_1_235' title='bbox 484 3291 652 3380; x_wconf 91' lang='lat' dir='ltr'><strong>compulit,</strong></span> <span class='ocrx_word' id='word_1_236' title='bbox 678 3301 799 3357; x_wconf 89' lang='lat' dir='ltr'><strong>utnon</strong></span> <span class='ocrx_word' id='word_1_237' title='bbox 821 3290 934 3356; x_wconf 89' lang='lat' dir='ltr'><strong>minori</strong></span> <span class='ocrx_word' id='word_1_238' title='bbox 955 3314 995 3357; x_wconf 89' lang='lat' dir='ltr'><strong>ac</strong></span> <span class='ocrx_word' id='word_1_239' title='bbox 1015 3290 1066 3357; x_wconf 90' lang='lat' dir='ltr'><strong>illa</strong></span> <span class='ocrx_word' id='word_1_240' title='bbox 1088 3315 1202 3358; x_wconf 85' lang='lat' dir='ltr'><strong>exure·</strong></span> <span class='ocrx_word' id='word_1_241' title='bbox 1265 3322 1277 3371; x_wconf 50' lang='grc'><strong>,-</strong></span> 
     </span>
     <span class='ocr_line' id='line_1_33' title="bbox 53 3376 1203 3466; baseline -0.003 -18"><span class='ocrx_word' id='word_1_242' title='bbox 53 3393 145 3448; x_wconf 89' lang='lat' dir='ltr'><strong>retur</strong></span> <span class='ocrx_word' id='word_1_243' title='bbox 167 3379 256 3466; x_wconf 89' lang='lat' dir='ltr'><strong>igne.</strong></span> <span class='ocrx_word' id='word_1_244' title='bbox 280 3378 364 3452; x_wconf 77' lang='lat' dir='ltr'><strong>,Qui</strong></span> <span class='ocrx_word' id='word_1_245' title='bbox 385 3399 483 3465; x_wconf 92' lang='lat' dir='ltr'><strong>quum</strong></span> <span class='ocrx_word' id='word_1_246' title='bbox 495 3401 535 3443; x_wconf 81' lang='lat' dir='ltr'><strong>ex</strong></span> <span class='ocrx_word' id='word_1_247' title='bbox 558 3376 685 3444; x_wconf 88' lang='lat' dir='ltr'><strong>assidua</strong></span> <span class='ocrx_word' id='word_1_248' title='bbox 708 3376 898 3464; x_wconf 82' lang='lat' dir='ltr'><strong>fatigatione</strong></span> <span class='ocrx_word' id='word_1_249' title='bbox 919 3378 1092 3444; x_wconf 75' lang='lat' dir='ltr'><strong>venationis</strong></span> <span class='ocrx_word' id='word_1_250' title='bbox 1115 3378 1203 3465; x_wconf 76' lang='lat' dir='ltr'><strong>juxta</strong></span> 
     </span>
     <span class='ocr_line' id='line_1_34' title="bbox 54 3462 1201 3553; baseline -0.002 -22"><span class='ocrx_word' id='word_1_251' title='bbox 54 3466 177 3534; x_wconf 91' lang='lat' dir='ltr'><strong>sontem</strong></span> <span class='ocrx_word' id='word_1_252' title='bbox 199 3462 439 3553; x_wconf 86' lang='lat' dir='ltr'><strong>procubuisset,</strong></span> <span class='ocrx_word' id='word_1_253' title='bbox 472 3474 505 3530; x_wconf 93' lang='lat' dir='ltr'><strong>et</strong></span> <span class='ocrx_word' id='word_1_254' title='bbox 531 3463 677 3529; x_wconf 90' lang='lat' dir='ltr'><strong>hauriens</strong></span> <span class='ocrx_word' id='word_1_255' title='bbox 703 3483 849 3550; x_wconf 74' lang='lat' dir='ltr'><strong>aquam,</strong></span> <span class='ocrx_word' id='word_1_256' title='bbox 864 3463 1036 3553; x_wconf 83' lang='lat' dir='ltr'><strong>imaginem</strong></span> <span class='ocrx_word' id='word_1_257' title='bbox 1059 3463 1106 3528; x_wconf 92' lang='lat' dir='ltr'><strong>sui</strong></span> <span class='ocrx_word' id='word_1_258' title='bbox 1128 3486 1201 3551; x_wconf 89' lang='lat' dir='ltr'><strong>per-</strong></span> 
     </span>
     <span class='ocr_line' id='line_1_35' title="bbox 52 3547 1202 3649; baseline -0.002 -30"><span class='ocrx_word' id='word_1_259' title='bbox 52 3552 231 3640; x_wconf 86' lang='lat' dir='ltr'><strong>spexisset,</strong></span> <span class='ocrx_word' id='word_1_260' title='bbox 252 3548 386 3617; x_wconf 85' lang='lat' dir='ltr'><strong>alienam</strong></span> <span class='ocrx_word' id='word_1_261' title='bbox 407 3558 540 3637; x_wconf 87' lang='lat' dir='ltr'><strong>putans,</strong></span> <span class='ocrx_word' id='word_1_262' title='bbox 562 3548 735 3628; x_wconf 88' lang='lat' dir='ltr'><strong>adamavit,</strong></span> <span class='ocrx_word' id='word_1_263' title='bbox 758 3547 891 3649; x_wconf 74' lang='lat' dir='ltr'><strong>ejusque</strong></span> <span class='ocrx_word' id='word_1_264' title='bbox 913 3547 1079 3614; x_wconf 85' lang='lat' dir='ltr'><strong>desideriis</strong></span> <span class='ocrx_word' id='word_1_265' title='bbox 1100 3549 1144 3614; x_wconf 90' lang='lat' dir='ltr'><strong>ita</strong></span> <span class='ocrx_word' id='word_1_266' title='bbox 1166 3560 1202 3617; x_wconf 91' lang='lat' dir='ltr'><strong>ut</strong></span> 
     </span>
     <span class='ocr_line' id='line_1_36' title="bbox 53 3632 1242 3725; baseline -0.003 -20"><span class='ocrx_word' id='word_1_267' title='bbox 53 3641 117 3705; x_wconf 87' lang='lat' dir='ltr'><strong>vita</strong></span> <span class='ocrx_word' id='word_1_268' title='bbox 138 3637 334 3725; x_wconf 81' lang='lat' dir='ltr'><strong>privaretur,</strong></span> <span class='ocrx_word' id='word_1_269' title='bbox 357 3635 501 3702; x_wconf 89' lang='lat' dir='ltr'><strong>intabuit.</strong></span> <span class='ocrx_word' id='word_1_270' title='bbox 543 3635 594 3701; x_wconf 81' lang='lat' dir='ltr'><strong>Ex</strong></span> <span class='ocrx_word' id='word_1_271' title='bbox 618 3633 707 3718; x_wconf 85' lang='lat' dir='ltr'><strong>cujus</strong></span> <span class='ocrx_word' id='word_1_272' title='bbox 730 3632 866 3721; x_wconf 77' lang='lat' dir='ltr'><strong>reliquiis</strong></span> <span class='ocrx_word' id='word_1_273' title='bbox 888 3634 949 3700; x_wconf 90' lang='lat' dir='ltr'><strong>flos</strong></span> <span class='ocrx_word' id='word_1_274' title='bbox 971 3635 1082 3713; x_wconf 86' lang='lat' dir='ltr'><strong>oritur,</strong></span> <span class='ocrx_word' id='word_1_275' title='bbox 1105 3657 1242 3720; x_wconf 78' lang='lat' dir='ltr'><strong>quemaa</strong></span> 
     </span>
     <span class='ocr_line' id='line_1_37' title="bbox 51 3719 1201 3812; baseline 0 -23"><span class='ocrx_word' id='word_1_276' title='bbox 51 3722 197 3812; x_wconf 90' lang='lat' dir='ltr'><strong>Najades</strong></span> <span class='ocrx_word' id='word_1_277' title='bbox 229 3719 416 3809; x_wconf 80' lang='lat' dir='ltr'><strong>Nymphae,</strong></span> <span class='ocrx_word' id='word_1_278' title='bbox 449 3742 558 3788; x_wconf 88' lang='lat' dir='ltr'><strong>casum</strong></span> <span class='ocrx_word' id='word_1_279' title='bbox 586 3721 691 3788; x_wconf 83' lang='lat' dir='ltr'><strong>fratris</strong></span> <span class='ocrx_word' id='word_1_280' title='bbox 712 3720 847 3801; x_wconf 88' lang='lat' dir='ltr'><strong>flentcs,</strong></span> <span class='ocrx_word' id='word_1_281' title='bbox 877 3720 1052 3788; x_wconf 87' lang='lat' dir='ltr'><strong>narcissum</strong></span> <span class='ocrx_word' id='word_1_282' title='bbox 1074 3721 1201 3789; x_wconf 88' lang='lat' dir='ltr'><strong>nomine</strong></span> 
     </span>
     <span class='ocr_line' id='line_1_38' title="bbox 49 3817 295 3878; baseline -0.024 0"><span class='ocrx_word' id='word_1_283' title='bbox 49 3817 295 3878; x_wconf 85' lang='lat' dir='ltr'><strong>annotaverunt.</strong></span> 
     </span>
    </p>
   </div>
   <div class='ocr_carea' id='block_1_9' title="bbox 395 3974 973 4080">
    <p class='ocr_par' dir='ltr' id='par_1_9' title="bbox 395 3974 973 4080">
     <span class='ocr_line' id='line_1_39' title="bbox 395 3974 973 4080; baseline -0.005 -27"><span class='ocrx_word' id='word_1_284' title='bbox 395 3974 486 4053; x_wconf 87' lang='grc'><strong>181.</strong></span> <span class='ocrx_word' id='word_1_285' title='bbox 541 3975 853 4080; x_wconf 87' lang='lat' dir='ltr'><strong>Hyacinthus.</strong></span> <span class='ocrx_word' id='word_1_286' title='bbox 971 4064 973 4071; x_wconf 18' lang='grc' dir='ltr'><strong><em>Α</em></strong></span> 
     </span>
    </p>
   </div>
   <div class='ocr_carea' id='block_1_10' title="bbox 53 4105 1241 4285">
    <p class='ocr_par' dir='ltr' id='par_1_10' title="bbox 53 4105 1241 4285">
     <span class='ocr_line' id='line_1_40' title="bbox 136 4105 1199 4195; baseline -0.006 -20"><span class='ocrx_word' id='word_1_287' title='bbox 136 4107 345 4193; x_wconf 87' lang='lat' dir='ltr'><strong>Hyacinthus</strong></span> <span class='ocrx_word' id='word_1_288' title='bbox 376 4129 457 4195; x_wconf 89' lang='lat' dir='ltr'><strong>puer</strong></span> <span class='ocrx_word' id='word_1_289' title='bbox 491 4105 658 4187; x_wconf 87' lang='lat' dir='ltr'><strong>adamatus</strong></span> <span class='ocrx_word' id='word_1_290' title='bbox 688 4117 737 4173; x_wconf 90' lang='lat' dir='ltr'><strong>est</strong></span> <span class='ocrx_word' id='word_1_291' title='bbox 766 4119 831 4175; x_wconf 90' lang='lat' dir='ltr'><strong>tam</strong></span> <span class='ocrx_word' id='word_1_292' title='bbox 860 4129 880 4171; x_wconf 91' lang='lat' dir='ltr'><strong>a</strong></span> <span class='ocrx_word' id='word_1_293' title='bbox 905 4105 1013 4171; x_wconf 89' lang='lat' dir='ltr'><strong>Borea</strong></span> <span class='ocrx_word' id='word_1_294' title='bbox 1042 4127 1135 4193; x_wconf 89' lang='lat' dir='ltr'><strong>quam</strong></span> <span class='ocrx_word' id='word_1_295' title='bbox 1158 4106 1199 4170; x_wconf 93' lang='lat' dir='ltr'><strong>ab</strong></span> 
     </span>
     <span class='ocr_line' id='line_1_41' title="bbox 53 4189 1241 4285; baseline -0.003 -22"><span class='ocrx_word' id='word_1_296' title='bbox 53 4192 209 4285; x_wconf 82' lang='lat' dir='ltr'><strong>Apolline.</strong></span> <span class='ocrx_word' id='word_1_297' title='bbox 262 4192 328 4270; x_wconf 80' lang='lat' dir='ltr'><strong>Qui</strong></span> <span class='ocrx_word' id='word_1_298' title='bbox 351 4217 449 4284; x_wconf 90' lang='lat' dir='ltr'><strong>quum</strong></span> <span class='ocrx_word' id='word_1_299' title='bbox 469 4191 744 4281; x_wconf 79' lang='lat' dir='ltr'><strong>magisrlpolliuis</strong></span> <span class='ocrx_word' id='word_1_300' title='bbox 773 4214 882 4259; x_wconf 88' lang='lat' dir='ltr'><strong>amore</strong></span> <span class='ocrx_word' id='word_1_301' title='bbox 902 4189 1089 4270; x_wconf 85' lang='lat' dir='ltr'><strong>laetaretur,</strong></span> <span class='ocrx_word' id='word_1_302' title='bbox 1123 4191 1241 4259; x_wconf 73' lang='lat' dir='ltr'><strong>duroto</strong></span> 
     </span>
    </p>
   </div>
   <div class='ocr_carea' id='block_1_11' title="bbox 0 0 1346 4606">
    <p class='ocr_par' dir='ltr' id='par_1_11' title="bbox 0 0 1346 4606">
     <span class='ocr_line' id='line_1_42' title="bbox 0 0 1346 4606; baseline 0 1"><span class='ocrx_word' id='word_1_303' title='bbox 0 0 1346 4606; x_wconf 95' lang='lat' dir='ltr'><strong> </strong></span> 
     </span>
    </p>
   </div>
  </div>
 </body>
</html>
