2684 4606
1273 34 1298 95 ἢ

115 182 198 267 aaa
434 130 716 290 olympam.
749 130 837 264 ⁶15.
892 186 964 264 r.·

118 371 269 438 solntam
301 373 544 464 interpretatum
578 387 693 465 quarta
711 377 841 464 Agave,
868 395 982 464 quam,
1013 373 1092 464 quia
1113 370 1251 441 nominis
1296 452 1298 459 ¹

23 490 72 536 -;-,
120 458 189 547 ejus
209 459 428 547 interpretatio
451 461 499 525 vel
519 461 697 549 incongrua
717 463 854 530 fortasse
875 463 940 528 visa
953 472 1028 541 est,
1061 458 1110 526 rel
1127 460 1250 527 Latinis
1269 476 1298 549 ..l

11 548 17 559 “
61 610 72 635 .
119 545 299 629 incognita,
341 559 528 634 praetereo3
570 560 676 615 tomen
697 547 836 614 insaniae
869 546 1144 634 comparabimus,
1180 545 1252 634 quin

49 704 56 721 .
121 629 257 696 Penthei
286 629 339 696 filii
365 631 420 697 'sui
454 643 569 719 caput,
606 634 688 735 sieup
715 633 748 700 in
788 630 893 698 fabula
922 632 1058 718 legitur,
1099 629 1253 697 violenter-
1288 630 1298 685 ·'=

73 713 268 793 .conscidit
309 714 369 804 ,Ut
390 726 495 783 autem
517 718 612 806 paulo
634 720 726 786 altms
748 717 844 784 ordiri
866 715 1046 796 videamur,
1083 716 1186 783 habet
1207 715 1252 781 fa·
1286 720 1298 803 i

121 799 212 878 bula,
255 796 414 885 Gigantes
437 803 600 870 Bacchum
619 805 807 872 inebriatum
830 803 1004 882 invenisse,
1033 813 1068 869 et
1090 801 1252 889 discerpta
1294 806 1298 879 l

121 909 159 950 eo
183 900 241 971 per
257 888 419 966 membra,
457 889 560 954 lrnsta-
585 886 753 976 sepelisse,
786 899 914 956 etcum
936 889 1031 977 paulo
1055 900 1130 974 pest
1153 887 1252 953 virum
1296 894 1298 941 ἶ

14 1036 17 1043 ,
121 981 154 1036 et
173 971 334 1056 integrum
356 974 575 1039 resurrexisse.
618 974 716 1049 Quod
749 976 937 1060 figmentum
959 973 1105 1060 discipuli
1132 971 1254 1062 Orphei

121 1053 316 1142 interpretati
345 1055 513 1143 leguntur,
549 1058 623 1124 nibil
654 1059 739 1127 aliud
770 1059 935 1126 Bacchum
979 1082 1075 1149 quarn
1117 1058 1253 1123 animaru

81 1142 229 1213 remundi
249 1140 487 1228 intelligendum
510 1156 707 1228 'asserentem
740 1167 840 1232 quae,
875 1154 911 1211 ut
939 1145 1044 1213 ferunt
1065 1142 1254 1232 philosophi,
1293 1140 1297 1149 '

122 1226 263 1313 quamvis
285 1229 374 1313 quasi
396 1229 594 1297 membratim
612 1253 671 1319 per
690 1229 799 1297 mundi
821 1243 958 1318 corpora
981 1228 1152 1309 dividatur,
1172 1251 1258 1305 sem,
1285 1214 1298 1319 l

120 1332 181 1399 per
206 1318 314 1378 ta'rnen
343 1336 378 1379 se
416 1314 640 1403 redintegrare
675 1316 816 1398 ridetur,
847 1316 1043 1403 'corporibus
1074 1318 1254 1401 emergens,
1292 1322 1298 1383 ,ἓ

122 1408 154 1465 et
189 1419 225 1465 se
246 1396 417 1477 termam,
461 1398 537 1466 dum
571 1424 699 1490 semper
725 1425 791 1470 una
822 1399 1002 1490 eademque
1034 1421 1254 1488 perseverans,
1293 1390 1298 1461 l

32 1506 35 1511 ·
123 1482 235 1549 nullam
257 1483 461 1571 simplicitatis
492 1508 571 1554 suae
600 1489 718 1576 patitur
750 1487 935 1554 sectionem.
964 1488 1062 1555 Hanc
1088 1486 1188 1557 etiam
1210 1484 1253 1551 lu-
1271 1514 1298 1525 ··

43 1599 47 1609 ,
81 1568 229 1637 rabulam
250 1568 282 1636 iu
304 1570 403 1640 sacris
426 1570 493 1660 ejus
523 1585 779 1662 repraesentasse
810 1572 972 1660 leguntur.
1293 1612 1298 1693 p

487 1709 553 1788 13.
614 1710 887 1789 Hereules.
1193 1694 1210 1725 ⁸
1292 1700 1298 1749 ³

130 1846 134 1855 “
208 1830 238 1895 1.
282 1827 456 1896 Heredem
514 1851 624 1918 uoquo
650 1828 737 1898 Joris
765 1829 863 1895 filium
894 1829 992 1897 fuisse
1020 1823 1147 1897 dicunt.
1194 1826 1254 1897 Hie
1289 1764 1298 1901 l

125 1918 166 1981 ab
200 1896 266 1993 aliis
296 1915 448 1994 invictus,
491 1852 671 2004 dmphalae
703 1925 811 1981 tamen
841 1937 920 2003 prae
944 1938 1059 1987 amore
1088 1914 1254 2002 subjacuit,

94 2068 98 2079 ,
125 2022 210 2088 quae
227 2022 300 2074 eum
315 2022 393 2065 nere
415 2009 448 2065 et
463 2001 629 2067 mulierum
649 2000 877 2087 officiacoligit
893 2023 1055 2067 exercere.
1099 2001 1253 2067 Hercules
1286 2004 1298 2083 ¹¹

82 2087 223 2173 anigitur
243 2087 335 2173 quasi
356 2077 468 2173 ἡρώων
483 2087 587 2166 κλέος,
610 2085 767 2151 virorum
781 2082 936 2172 fortium
951 2086 1083 2173 gloria,
1105 2086 1255 2174 interpre-

125 2184 218 2239 tatur.
261 2170 327 2236 Hie
348 2170 576 2260 Alcaei-nepos
595 2170 729 2252 dicitur,
748 2168 835 2235 unde
856 2180 890 2236 et
910 2170 1037 2237 Alcides
1058 2172 1255 2251 nominatum

126 2251 210 2343 ellan}
229 2255 314 2322 'enim
337 2257 467 2320 Graece
493 2257 711 2343 praesumtio
738 2254 863 2323 dicitur.
910 2255 994 2321 Nam
1022 2266 1056 2321 et
1078 2255 1257 2322 Alcmenam

126 2353 257 2409 matrem
272 2340 379 2418 habet,
395 2362 478 2428 quae
490 2341 867 2429 salszcminterpretatur.
896 2342 967 2407 Nec
977 2340 1105 2407 mirum.
1132 2338 1273 2425 Etenim*

128 2451 167 2493 ex
186 2427 263 2513 igue
274 2427 402 2513 ingenii,
425 2436 460 2492 ut
483 2449 523 2490 ex
539 2425 637 2504 Jore;
660 2448 699 2492 ex
719 2427 983 2516 praesumptione,
1003 2424 1101 2495 idest
1115 2426 1256 2494 animosi-

85 2525 212 2592 aetate,
249 2524 285 2597 ut
305 2536 343 2579 ex
364 2535 423 2579 avo
444 2510 579 2588 Alcaeo;
611 2524 644 2585 et
668 2534 708 2577 ex
729 2512 850 2585 saloma
874 2512 1006 2590 ientiae,
1038 2521 1076 2578 nt
1096 2535 1138 2578 ex
1161 2524 1255 2581 matre

74 2656 77 2669 ,
127 2598 294 2677 Alcmena,
330 2597 468 2664 virorum
501 2598 630 2664 tortium
659 2598 800 2663 nascitur
826 2536 950 2683 gldrio3
989 2619 1073 2682 qrrae
1104 2608 1256 2665 tumens

127 2683 254 2749 libidine
275 2695 454 2770 superatur.
501 2679 653 2769 Ope-pola}
674 2682 757 2748 enim
776 2684 903 2748 Graece
925 2680 1115 2755 umbilicum
1136 2682 1254 2751 dicitur.

126 2766 245 2836 Libido
268 2780 373 2835 autern
395 2771 427 2834 in
448 2769 596 2833 umbilico
619 2766 800 2834 mulieribus
829 2766 1019 2834 dominatur.
1072 2767 1256 2837 Ostenditur

128 2877 226 2942 ergo,
262 2854 350 2943 qnod
380 2852 478 2918 libido
508 2853 603 2919 etiam
633 2853 780 2925 invictam
816 2851 926 2920 domat
946 2853 1103 2919 virtutem.
1147 2854 1254 2922 Eidem

86 2966 122 3014 30
131 2938 261 3025 Herculi
278 2941 386 3005 Cacus
399 2939 508 3005 -bores
530 2938 653 3005 iuratus
675 2961 747 3006 esse
768 2939 894 3018 dicitur,
916 2951 948 3006 et
969 2961 1025 3003 eos
1048 2960 1109 3025 per
1122 2939 1255 3007 cendant

99 3028 160 3106 ¹in
191 3024 373 3112 speluncam
402 3035 523 3091 tractos
564 3025 788 3106 abscondisse,
829 3048 924 3113 quem
960 3012 1120 3091 Hercules
1177 3046 1255 3092 resse

129 3122 260 3199 gutture
288 3110 464 3188 interfecit,
497 3109 618 3175 sumum
648 3123 681 3178 et
708 3110 855 3176 nebulam
891 3120 1100 3177 eructantem.
1182 3106 1255 3180 uada*

128 3198 227 3285 igitur
248 3195 381 3260 rnolrrm
403 3196 639 3281 iuterpretatur.
681 3196 762 3264 Ideo
782 3196 933 3261 Herculis
947 3196 1032 3261 bona
1054 3195 1255 3285 concupiscit
1281 3198 1284 3209 '

31 3357 33 3361 ,
130 3285 204 3371 quia
243 3280 345 3348 omnis
380 3281 568 3377 malignitas
594 3283 699 3349 virtuti
742 3282 900 3350 contraria
930 3290 988 3346 est.
1043 3279 1082 3347 In
1112 3282 1257 3371 spelunca

87 3367 356 3444 asabsconditur,
397 3366 471 3456 quia
506 3388 677 3456 numquam
701 3367 881 3455 malignitas
908 3365 1007 3432 libera
1035 3368 1175 3451 terrenis
1204 3376 1256 3433 est·

132 3455 198 3521 Sed
221 3451 399 3533 Hercules,
436 3450 470 3517 id
491 3453 676 3532 est'rirtus,
709 3465 743 3520 ct
771 3451 871 3520 malos
891 3451 1039 3518 interficit
1061 3463 1096 3519 et
1117 3452 1269 3533 suasio,

131 3541 226 3607 dicat.
271 3541 379 3607 cacus
407 3549 515 3603 autem
538 3538 659 3604 sumum
681 3549 715 3606 et
734 3538 898 3616 nebulam,
931 3558 1014 3624 qnae
1037 3537 1257 3615 visui'noceut,

132 3627 262 3705 emittit,
309 3623 384 3709 quia
411 3622 530 3689 malitia
559 3623 701 3689 occultas
733 3646 859 3711 semper
888 3620 1097 3708 deceptiones
1129 3622 1257 3692 molitur.

116 3704 210 3778 'Ideo
232 3724 265 3776 et
287 3705 403 3794 duplex
426 3707 558 3813 dicipur,
580 3708 654 3795 quia
676 3709 793 3793 malitia
815 3708 1021 3785 multiformis,
1045 3730 1110 3773 non
1133 3708 1280 3799 simplet¹

89 3802 191 3865 4⁰est.
234 3793 367 3881 'l'riplici
389 3815 526 3880 namque
545 3794 641 3873 modo
663 3808 760 3862 nocet
774 3795 910 3873 malitia,
943 3805 998 3860 aut
1019 3793 1199 3877 evidenter,
1226 3802 1279 3863 nt·

133 3881 309 3970 potentior,
345 3891 402 3944 aut
422 3880 593 3961 subtiliter,
622 3892 661 3951 ut
682 3879 778 3947 falsus
800 3881 939 3957 amicus,
969 3891 1025 3944 aut
1046 3880 1192 3957 occulte,
1227 3886 1259 3944 nt

133 3970 194 4032 fur.
237 3964 316 4030 Ideo
338 3966 431 4029 etiarn
453 3969 634 4033 subtractos
658 3967 755 4034 boves
785 3965 970 4033 transversis
1003 3962 1093 4032 ducit
1112 3963 1258 4053 vestigiis.

133 4053 206 4155 qnia
228 4074 279 4138 per
309 4050 378 4115 aria
401 4050 605 4141 abducuntur
629 4052 722 4118 furta.
766 4053 818 4119 De
840 4053 930 4116 Caco
953 4063 1068 4131 tanuen¹
1084 4051 1176 4118 aliter
1193 4054 1278 4117 seu-³

25 4212 30 4219 ,
90 4152 170 4209 taut
192 4136 330 4202 Servius.
375 4136 482 4201 Cacus
505 4137 587 4202 enirn
606 4134 784 4205 secundum
809 4138 965 4214 fabulam,
986 4135 1106 4222 inquit,
1128 4131 1276 4203 vatent

120 4225 208 4289 filius
244 4223 321 4301 tuit,
357 4243 417 4287 ore
446 4223 555 4312 ignem
577 4245 618 4290 ac
640 4222 763 4291 lumum
783 4245 928 4298 vomens,
961 4221 1016 4310 qni
1039 4220 1142 4289 vicina
1162 4220 1264 4295 omnis·
