2684 4606
110 154 166 229 aa
446 150 628 255 myrran.
655 150 708 227 11.
761 148 952 227 acan·

116 334 278 424 ἀθανάτη
306 336 499 423 παρθένος,
518 333 552 402 id
574 347 622 403 θεῖ
644 336 855 402 immortalia
883 334 1003 424 virg03
1029 335 1106 425 quia
1126 336 1248 426 sapien·

116 426 160 492 tia
180 447 241 513 pec
262 423 343 490 mori
363 420 480 509 poterit
497 443 558 486 nec
580 422 748 509 corrumpi.
806 422 845 487 ln
866 421 960 511 hujus
980 422 1081 489 tutela
1103 435 1250 511 noctuam

119 521 260 598 ponunt,
305 505 392 596 quod
432 508 585 594 sapientia
621 509 717 574 ctiam
748 506 912 595 proprium
944 506 1105 596 fulgorem
1137 518 1250 577 teneat.
1280 552 1297 591 ·.

121 593 292 671 Quomodo
318 605 515 660 autemeam
544 593 576 658 in
607 616 697 661 snam
726 591 857 659 tutelam
888 594 1065 685 receperit,
1100 594 1187 661 haec
1207 604 1252 663 eo

96 682 237 753 clabula.
278 679 440 771 Nycteus,
473 678 663 767 Aethiopum
680 700 737 744 rex
759 677 974 760 felicissimus,
1011 681 1124 748 babuit
1151 680 1251 761 fitam·

2 814 5 823 ·
121 768 342 856 Nyctimenem
357 763 499 845 momine.
555 766 649 840 Quae
678 784 775 850 quum
804 763 962 831 scelerato
991 787 1101 832 amore
1157 776 1252 833 utrem
1294 816 1297 829 .

121 853 287 937 diligeret,
322 871 463 916 amorem
497 872 589 916 suum
615 850 729 916 nutrici
762 849 910 916 confessa
931 862 996 931 est,
1027 851 1113 917 infan
1141 874 1253 940 umque

120 939 231 1025 petivit
251 937 406 1002 auxilium.
461 935 511 999 Ea
533 958 609 1001 vero
632 958 729 1022 quum
758 936 893 1002 mentita
922 948 1008 1004 esset
1040 936 1172 1003 domino
1199 960 1253 1005 suo

120 1025 266 1113 Nycteo‚
300 1017 482 1110 aquodam
500 1021 585 1087 illum
602 1036 758 1095 ¹entrance
787 1019 876 1106 diligi
897 1021 1035 1108 virgine,
1068 1023 1110 1089 im
1136 1024 1253 1101 strauit.

79 1124 158 1190 10ut
177 1109 228 1174 ille
248 1086 332 1174 filiai
352 1129 430 1172 suae
451 1105 635 1194 imprudens
670 1118 813 1173 uteretur
841 1106 1045 1195 amplexibus.
1122 1132 1181 1174 ero
1208 1108 1284 1179 illos

123 1195 288 1281 cognitum
324 1191 447 1257 facinus
482 1192 592 1259 statuit
622 1192 789 1257 vindicare.
853 1193 1002 1294 agnitum
1034 1193 1146 1281 itaque
1176 1195 1255 1263 inter

121 1283 208 1370 ipsos
229 1277 390 1366 amplexus
410 1276 505 1343 filiam
535 1299 633 1366 quum
652 1276 802 1345 voluisset
828 1291 1032 1367 extinguere,
1061 1278 1113 1344 illa
1139 1280 1255 1346 Miner-

123 1390 181 1432 vac
200 1364 377 1452 imploravit
396 1362 552 1442 auxilium,
576 1363 665 1452 cujus
687 1362 885 1453 protectione
900 1364 1040 1454 periculo
1064 1378 1115 1433 est
1137 1378 1257 1453 erepta,

122 1474 213 1517 versa
235 1473 277 1515 ue
308 1449 341 1514 in
369 1470 475 1529 avem,
512 1472 595 1537 quae
628 1472 668 1515 ex
699 1449 891 1516 conscientia
923 1450 1081 1517 commissi
1109 1451 1257 1519 facinoris

81 1475 306 1623 adici-(fugit
334 1544 515 1623 aspectum,
554 1546 587 1601 et
612 1534 774 1601 Minervae
805 1534 924 1601 tutelae
954 1534 1062 1603 dicata
1091 1548 1153 1606 cst.
1202 1536 1258 1605 Ali

122 1624 249 1704 dicunt,
282 1620 377 1686 filiam
400 1619 509 1687 Proeti
538 1621 655 1701 fuisse,
687 1619 849 1723 patrisque
878 1621 940 1691 vim
970 1621 1135 1695 dmentem
1166 1624 1258 1693 aufu-
1292 1664 1296 1671 =

122 1710 228 1797 gissa,
263 1728 360 1795 quam
379 1703 522 1775 Minerva
540 1705 670 1773 mumvit
684 1726 721 1799 ‘rn
744 1716 911 1781 noctuam.¹

493 1875 569 1951 dl).
629 1848 877 1953 Vulcanus.

208 2005 369 2076 Vulcanus
391 2004 475 2093 ignis
497 2015 564 2085 est,
593 2016 627 2074 et
648 2005 754 2075 dictus
776 2018 826 2075 est
847 2006 1009 2075 Vulcanus
1033 2008 1125 2097 quasi
1160 2008 1260 2079 Velia

80 2115 249 2172 boconiae,
281 2088 367 2180 quod
397 2113 455 2179 per
484 2096 591 2157 adrem
618 2092 723 2159 votet..
771 2093 897 2160 Dicitur
924 2108 1029 2163 autem
1053 2096 1215 2163 Vulcanus
1240 2118 1284 2163 a·

122 2179 250 2243 Junone
274 2186 417 2267 propter
453 2175 686 2261 deformitatem
715 2176 875 2268 dejectus:
922 2204 1018 2270 quam
1048 2187 1157 2248 airem
1189 2204 1262 2249 esse

124 2275 266 2342 constat,
297 2286 337 2328 ex
359 2285 424 2348 quo
443 2262 573 2329 fulmina
594 2280 813 2350 procreantur.
854 2264 935 2332 Ideo
964 2274 1071 2334 autem
1097 2268 1260 2335 Vulcanus

124 2349 166 2415 de
187 2350 310 2415 femore
331 2347 465 2415 Junonis
486 2349 618 2433 fingitur
636 2362 746 2429 natus,
790 2352 865 2440 quia
886 2352 1015 2419 fulmina
1035 2351 1077 2417 de
1097 2352 1163 2419 imo
1186 2360 1262 2419 aere

123 2447 306 2502 nascuntur.
350 2433 447 2500 Unde
480 2445 513 2501 et
532 2436 694 2504 Homerus
716 2437 809 2517 dicit,
848 2460 921 2504 eum
944 2436 986 2504 de
1007 2443 1084 2504 aire
1104 2438 1279 2528 praecipi·-

82 2532 225 2592 25tatum
245 2522 277 2586 in
298 2533 418 2598 terras,
440 2518 526 2609 quod
547 2544 642 2587 omne
664 2522 781 2588 fulmen
803 2521 844 2587 de
865 2530 941 2591 aere
962 2523 1077 2606 cadat3
1109 2523 1280 2613 quodque.

125 2610 241 2674 crebro
262 2608 295 2672 in
317 2607 474 2674 Lemnum
490 2606 624 2673 insulam
639 2607 776 2696 jacitur,
796 2606 872 2674 ideo
892 2610 924 2676 in
945 2632 1017 2676 eam
1039 2609 1157 2677 dicitur
1179 2610 1279 2677 aad·

125 2694 212 2760 disse
234 2692 405 2760 Vulcanus.
449 2691 592 2760 Claudus
628 2706 735 2759 autem
762 2691 895 2774 dicitur,
928 2696 1002 2783 quia
1026 2718 1085 2785 per
1114 2708 1277 2764 naturam·

125 2802 297 2867 numquam
317 2791 425 2845 rectus
445 2791 495 2845 θεῖ
510 2778 606 2864 ignia·
648 2777 728 2843 Ideo
750 2799 825 2844 vcro
841 2803 914 2847 cum
928 2782 1089 2849 Minervae
1110 2782 1264 2872 conjungi

66 2858 311 2945 incinerant,
348 2865 422 2952 qnia
453 2863 542 2928 furor
573 2861 668 2929 etiarn
700 2863 872 2951 sapientiae
902 2866 1071 2955 aliquando
1103 2879 1266 2956 surrepat.

86 2951 185 3017 :tollla
206 2973 282 3017 vero
314 2949 409 3015 armis
437 2947 647 3035 virginitatem
673 2945 832 3031 defendit,
871 2953 946 3039 quia
975 2954 1076 3021 omnis
1106 2954 1265 3043 sapientia

127 3037 345 3122 integritatem
367 3054 489 3099 morum
512 3056 640 3099 suorum
664 3046 774 3101 contra
796 3036 909 3103 furiam
938 3039 1052 3106 virtute
1079 3041 1175 3107 animi
1197 3040 1265 3106 vin-

129 3124 224 3189 dicat.
291 3119 387 3186 Unde
428 3118 555 3208 quidam
600 3119 826 3189 Erichthonius
869 3126 1027 3207 nascitur3
1073 3132 1141 3210 ἔρις
1181 3125 1288 3193 enim-

130 3213 260 3274 Graece
281 3216 456 3269 certamen
488 3203 613 3271 dicitur.
667 3206 825 3281 Quidnam
856 3208 940 3275 aliud
970 3210 1050 3279 surri
1073 3210 1142 3277 icus
1176 3212 1267 3277 furor

130 3285 303 3382 sapientiae
327 3312 486 3375 generare
506 3302 649 3378 poterat,
680 3292 738 3357 nisi
769 3304 942 3383 certamen
964 3296 1039 3361 invi
1063 3296 1142 3363 ioef
1178 3294 1267 3385 quod

88 3379 301 3464 35sapientia‚
321 3375 355 3440 id
377 3387 425 3441 est
444 3375 604 3457 Minerva,
628 3377 794 3445 abscondit
809 3381 840 3444 in
862 3381 959 3458 cista,
988 3381 1021 3446 id
1044 3394 1093 3447 est
1112 3382 1144 3447 in
1165 3380 1295 3465 corde„

131 3466 222 3531 celat.
275 3462 367 3545 Ergo
397 3462 539 3528 Minerva
561 3462 732 3530 draconem
762 3466 907 3567 apponit,
939 3465 1042 3533 idest
1073 3468 1293 3556 perniciemp'·

154 3546 384 3634 uem'quidem
420 3546 544 3614 duabus
574 3547 804 3619 commendavit
833 3552 1021 3639 virginibus,
1054 3554 1198 3641 Aglauro
1229 3534 1284 3657 cti

131 3576 313 3702 i'andorae.
356 3632 508 3700 Pandora
523 3634 604 3702 enim
619 3636 816 3700 raniveracle
830 3661 953 3701 inuncta
968 3637 1100 3722 dicitur3
1122 3638 1266 3728 Aglauro
1272 3702 1285 3745 t

131 3744 208 3786 vcro
248 3719 339 3805 quasi
375 3720 569 3800 accoloren,
605 3720 640 3785 id
670 3732 720 3786 est
752 3721 923 3787 tristitiae
951 3721 1094 3791 oblivio:
1139 3727 1297 3817 sapiensg.

91 3808 218 3889 noenim
238 3804 381 3872 dolorem
401 3826 494 3872 suum
519 3817 574 3875 aut
592 3806 780 3893 benignitati
801 3808 1012 3891 commendat,
1034 3823 1089 3878 aut
1110 3806 1296 3928 obliviouigf

518 3960 585 4038 dl.
642 3966 879 4040 Mercurii.
1265 3944 1297 4055 'h

16 4174 21 4179 Ι
221 4089 377 4157 Carvilius
400 4087 493 4168 dicit,
528 4103 663 4178 quatuor
692 4117 762 4159 θεεθ
783 4093 974 4175 Mer·curios;
1009 4120 1105 4165 unum
1126 4046 1297 4185 Jovtsoah

137 4177 258 4267 idajae,
280 4177 363 4244 filiae
383 4176 533 4259 Atlantis3
564 4177 697 4247 alterum
716 4180 806 4247 Caeli
826 4192 859 4249 et
878 4181 973 4264 Diei3
1007 4185 1135 4254 tertium
1156 4186 1297 4289 Liberis}

195 4498 245 4553 ,ιβ

182 4554 195 4570 ‚1¹

172 4570 181 4582 t

1222 4498 1230 4507 ’
1254 4490 1297 4582 ‘a
