2684 4606
147 196 228 272 rso
425 189 608 294 naum.
645 191 698 265 11.
754 187 835 265 roo
852 132 1016 267 ..toa

144 386 185 449 ab
221 380 364 449 Hercule
387 384 426 447 'et
453 379 623 466 Megaram
656 399 788 445 uxorem
817 389 910 445 etex
933 401 973 444 ea
1005 374 1086 443 bllos
1105 380 1277 463 ,susceptos

141 469 345 547 interemtos3
383 463 470 554 quod
490 466 608 532 lactum
628 464 733 547 suerat
753 465 882 530 lunonis
905 460 1064 531 instinctui
1110 460 1206 527 Unde
1224 461 1278 527 ira-

142 567 194 622 tus
215 553 374 618 Hercules
394 562 537 639 propter
567 552 651 616 illurn
679 550 738 617 sibi
769 548 983 638 denegatam,
1012 569 1124 616 eversa
1152 547 1277 626 civitate,

142 640 301 707 interemit
321 639 497 728 Eurytum,
518 650 551 705 et
571 636 661 702 Iolen
682 635 813 704 sustulit.
1166 670 1168 675 ·

118 832 136 880 o
242 806 335 882 too.
401 808 501 881 Duo
533 805 687 879 leones
725 804 777 880 ab
809 805 1188 881 Herculeuioti.

227 937 386 1005 Hercules
411 934 492 1001 duos
514 933 623 1000 leones
645 935 820 1023 superavit,
841 954 940 1001 unum
959 933 1185 1013 Temenum,
1210 929 1281 996 atre.

142 1034 213 1092 rum
243 1024 449 1090 Cleonaeum.
494 1018 682 1086 ‘'I'enmesus
710 1044 800 1088 mons
833 1024 882 1089 est
913 1020 1089 1101 Boeotiae;
1124 1019 1278 1085 Nemaeus

141 1129 233 1178 mons
255 1109 422 1189 Arcadiae,
444 1105 498 1191 qui
520 1116 553 1172 et
572 1104 752 1174 Cleonaeus
775 1106 898 1173 dicitur.
941 1106 1010 1185 Sed
1031 1105 1190 1172 Hercules
1204 1102 1277 1169 dun

144 1196 187 1263 ad
211 1194 422 1261 occidendum
441 1190 619 1257 Nemaeum
641 1191 765 1260 leonem
785 1194 871 1275 isset,
893 1194 934 1259 ab
955 1191 1139 1280 Eurystheo
1164 1189 1304 1267 missus,-

102 1295 164 1348 10a
188 1281 355 1348 Molorcho
375 1281 408 1346 in
428 1275 596 1365 hospitium
621 1289 671 1345 est
691 1290 869 1368 susceptus,
893 1277 983 1368 cujus
1004 1279 1097 1344 filiam
1119 1276 1171 1344 leo
1191 1277 1279 1343 inter·

144 1369 285 1448 secerat3
318 1378 350 1432 et
378 1368 418 1432 ab
440 1385 499 1443 eo,
521 1361 682 1451 quomodo
708 1388 781 1432 oum
802 1366 894 1430 leone
918 1365 1027 1444 coiret,
1053 1361 1171 1430 didicit.
1213 1362 1277 1439 Quo
1304 1392 1308 1399 ·

145 1465 318 1542 superato,
341 1451 433 1519 ludos
455 1448 604 1531 instituit,
626 1471 707 1538 qnos
728 1474 748 1520 a
768 1451 840 1517 loco
862 1451 1007 1519 Nemaea
1028 1448 1203 1539 appellarit.

477 1618 569 1696 161.
608 1615 774 1707 ,Aurea
813 1650 949 1724 poma.
1020 1614 1028 1628 ⁴
1064 1599 1075 1670 ³>

71 1820 73 1827 A
228 1751 374 1839 iuppiter
386 1772 482 1855 qurpn
491 1750 649 1815 iunonem
660 1771 792 1817 uxorem
801 1750 944 1831 duceret,
955 1750 1062 1816 Terra
1072 1747 1167 1827 venit,
1181 1747 1276 1815 ferens
1293 1760 1298 1781 “

101 1853 136 1903 15
146 1859 244 1903 aurea
254 1861 349 1926 poma
362 1858 434 1902 curn
448 1835 554 1902 ramis.
598 1835 691 1908 Quae
698 1835 782 1902 Juno
793 1836 961 1915 admirans,
978 1836 1070 1925 petiit
1084 1858 1103 1900 a
1116 1835 1231 1917 Terra,
1249 1843 1278 1901 ut

140 1923 173 1987 in
196 1923 261 1989 suis
285 1923 384 1988 bortis
406 1930 545 2000 sereret,
566 1918 620 2007 qui
642 1932 733 1988 erant
752 1921 840 2011 juxta
860 1924 1017 1990 Atlantem
1039 1933 1189 1988 montem.
1231 1924 1277 1987 At·

139 2004 232 2076 lautis
242 2019 348 2073 autern
363 2004 455 2083 filiae,
471 2005 583 2092 Aegle,
597 2004 768 2087 Eretbuss,
784 2009 1037 2096 Hesperetbusa,
1050 2030 1147 2096 quum
1160 2029 1216 2073 sae
1236 2007 1278 2071 ius
1300 2066 1304 2073 .

142 2092 184 2158 de
205 2094 371 2158 arboribus
393 2091 474 2157 rnala
496 2089 722 2176 decerperent,
752 2095 837 2160 Juno
859 2095 975 2163 dicitur
1003 2093 1189 2183 pervigilem
1249 2114 1278 2159 a·

142 2200 255 2244 conem
276 2180 319 2244 ibi
340 2175 505 2244 custodem
538 2176 740 2262 aposnisse,
772 2203 865 2270 quem
880 2178 1070 2258 'Herculem
1107 2178 1222 2247 missus
1242 2178 1303 2243 ab·

98 2265 325 2354 aoEurystbeo
347 2262 389 2330 ad
411 2198 628 2349 Hesperidum
650 2285 764 2349 poma,
798 2267 932 2349 occidit,
965 2280 999 2336 et
1018 2264 1210 2356 poma'inde
1229 2284 1278 2331 au-

139 2373 196 2415 rea
224 2351 302 2417 tulit.
353 2350 481 2415 Revera
514 2358 619 2414 antem
647 2349 766 2417 nobiles
802 2353 935 2422 fuerunt·
968 2353 1108 2442 puellae,
1152 2370 1279 2439 quarum

136 2457 260 2523 greges
282 2435 393 2522 abegit
414 2433 590 2514 Hercules,
620 2435 730 2501 oociso
752 2460 864 2507 eorum
886 2439 1029 2509 custode.
1074 2436 1171 2505 Unde
1192 2439 1278 2525 μῆλα

136 2524 270 2609 tingitur
291 2520 470 2599 sustulisse,
502 2518 565 2585 boo
585 2528 740 2587 esteves.
793 2524 877 2594 Num
896 2529 992 2617 μῆλα
1020 2523 1171 2593 dicuutur
1200 2534 1279 2602 oret,
1311 2580 1316 2603 ,

137 2618 170 2676 et
189 2603 385 2696 platonicos
406 2605 523 2673 dicitur
542 2614 653 2692 pastor
675 2609 790 2676 orium.
1307 2652 1316 2725 't

102 2832 140 2883 as
324 2802 445 2878 Ι162.
500 2807 726 2881 Hercules
759 2818 803 2881 et
836 2807 1073 2883 Deianira.

223 2928 382 2999 Hercules
413 2954 512 3022 ¹quum
542 2935 576 3001 iu
603 2934 737 3027 hospitio
766 2932 808 3001 ad
838 2933 1059 3001 Dexamenum
1087 2954 1203 3020 regern
1231 2953 1280 2999 ve-

107 3052 112 3057 ·
139 3016 248 3096 nisset,
268 3018 459 3101 Deianiram,
481 3021 574 3089 filiam
596 3022 674 3111 ejus,
696 3019 846 3109 corrupit,
866 3031 899 3088 et
922 3022 1020 3088 fidem
1036 3018 1136 3099 dedit,
1159 3042 1197 3085 se
1214 3038 1281 3085 eam

97 3109 101 3116 '
139 3124 273 3170 uxorem
304 3104 363 3169 sibi
391 3128 463 3172 esse
492 3105 672 3174 ducturum.
715 3110 796 3173 Post
822 3107 889 3195 ejus
921 3103 1281 3195 discessumssarptiou

139 3186 321 3254 Deianiram
344 3192 442 3277 petiit,
468 3215 563 3280 quarn
586 3205 687 3280 pater,
710 3194 771 3260 viru
793 3193 916 3273 timens,
938 3192 1107 3281 Eurytioni
1150 3188 1280 3258 romisit.

47 3289 55 3308 ⁴
97 3274 204 3348 eani
227 3276 398 3342 constituto
427 3276 480 3343 die
510 3301 583 3344 cum
605 3277 754 3347 fratribus
775 3277 817 3343 ad
838 3278 965 3366 nuptias
987 3277 1078 3344 venit.
1121 3214 1174 3345 Do
1198 3276 1279 3342 forts

138 3359 207 3437 die,
242 3382 305 3448 qno
336 3362 752 3450 nuptiaexcelebrabantur,
785 3365 1010 3452 superveniens
1040 3360 1166 3445 Alcides
1195 3363 1279 3429 Oen-

136 3457 246 3594 tappos
270 3447 448 3533 interiecit,
477 3460 510 3518 et
530 3448 713 3519 Deianiram
737 3450 897 3540 insperate
918 3473 977 3519 suo
1002 3449 1203 3529 matrimonio
1224 3468 1278 3515 oo·

138 3550 160 3615 p
192 3542 263 3600 ant

465 3668 558 3746 165.
592 3618 764 3771 ¹Lerna
800 3680 949 3779 palus.

32 3834 50 3848 ··
97 3822 133 3873 as
225 3799 332 3867 Lerna
353 3800 442 3887 palus
466 3801 532 3882 fuit,
561 3804 592 3868 in
617 3826 680 3892 qua
701 3804 803 3895 bydra
823 3808 924 3875 bestia
946 3815 1024 3885 erat,
1045 3805 1076 3872 1.
1098 3803 1298 3893 1111111111·Ι

139 3884 237 3965 bens,
265 3886 330 3965 vel,
359 3897 395 3951 nt
416 3884 465 3949 alii
486 3886 610 3967 dicunt,
641 3890 720 3974 VII;
749 3914 832 3979 quae
861 3894 977 3959 Latine
1005 3889 1121 3965 dicitur
1143 3900 1272 3975 excetra.

138 3969 222 4036 Nam
242 3970 383 4035 Hercule
406 3993 475 4035 earn
498 3971 692 4058 debellante,
721 3999 785 4043 uno
812 3979 917 4065 capite
946 4000 1060 4055 caeso,
1089 3977 1149 4044 tria
1176 3976 1270 4063 capita
1287 4010 1307 4367 ¹

139 4056 335 4122 crescebaut.
380 4058 483 4130 Quam
506 4059 632 4127 domurn
652 4063 729 4149 igne
751 4063 865 4133 vicisse
885 4064 1009 4131 dicitur.
1054 4063 1123 4128 Sed
1145 4071 1272 4132 constat.

139 4138 275 4245 hydram
304 4143 414 4243 locum·
435 4144 545 4221 t'uisse.
587 4162 764 4217 vomentem
797 4172 917 4238 aquas,
953 4159 1113 4217 vastantes
1144 4148 1269 4212 vicinam

98 4238 307 4299 toorrrtntern.
353 4229 415 4302 (lut
445 4249 541 4315 quum
572 4232 754 4323 frequenter
784 4237 984 4329 siccaretur,
1009 4256 1051 4302 ao
1079 4231 1268 4322 multiplicius

1188 4534 1192 4541 ⁴
1283 4370 1309 4578 1
