2684 4606
249 328 256 337 .
346 148 969 326 '‘namhoc-21⁷2·
1052 247 1057 260 ,
1156 222 1237 300 rra

91 422 125 478 et
153 406 272 476 doloris
300 406 457 497 impulsu,
486 407 575 498 quod
606 433 645 479 aa
664 419 806 498 sprctam
827 432 901 480 esse
921 406 1093 490 credebat,
1120 409 1236 499 laqueo
1271 466 1273 470 Α

92 498 189 565 vitam
210 496 325 574 finivit,
355 509 389 563 et
417 518 517 563 versa·
530 507 579 565 cst
598 496 632 563 iu
651 499 799 563 arborem
815 496 1029 586 ,amygdalum
1050 496 1119 562 sine
1145 491 1241 566 loliis.¹

91 584 214 650 Postea
235 603 384 648 reversus
406 578 639 670 Demophoon,
670 582 802 670 cognita
822 604 877 663 re,
907 583 977 671 ejus
1003 580 1166 669 amplexus
1188 595 1237 654 est
1272 610 1275 615 ¹
1324 634 1329 645 .

88 680 241 738 huncum
262 667 335 756 qui,
358 665 442 737 velut
464 669 573 765 sponsi
587 668 728 737 ¹assentiret
743 666 932 753 adrentum,
956 665 1034 757 lolia
1051 667 1164 736 emisit

430 909 525 991 215.
579 913 895 993 Laodamia
1240 912 1259 986 θ’

176 1041 356 1110 Laodamia
384 1064 468 1111 uxor
490 1022 660 1114 Protesilai
684 1046 753 1116 fuit.
794 1050 889 1122 Quae
909 1070 1010 1139 quum
1032 1045 1180 1117 maritum
1202 1048 1237 1117 in

90 1127 173 1197 hello
191 1129 337 1218 Trojano
358 1131 492 1218 periisse
511 1132 664 1225 primum·
680 1134 904 1221 cognovisset,
939 1134 1079 1224 optavit,
1110 1145 1146 1202 ut
1166 1134 1235 1220 ejus

90 1219 238 1283 umbram
252 1213 383 1283 rideret.
406 1215 482 1291 Qua
500 1239 745 1303 razooaceaaa,
762 1240 826 1293 non
848 1218 1002 1295 canens
1018 1243 1100 1302 earu,
1121 1221 1153 1286 in
1166 1221 1235 1308 ejus

92 1301 312 1392 complexibus
329 1301 437 1390 periit.
1237 1311 1243 1330 ·’

463 1472 559 1561 216.
593 1477 861 1576 'Procris⁸
1241 1502 1279 1554 to

173 1606 323 1692 Procris,
359 1609 425 1678 filia
455 1609 564 1699 lphilr,
596 1608 680 1677 nxci
706 1609 841 1699 Cephali
869 1609 938 1680 fnit
980 1604 1045 1686 Qui
1064 1630 1162 1699 quum
1183 1632 1237 1676 vo..-

89 1694 187 1764 nandi
216 1695 325 1765 studio
355 1708 537 1777 teneretur,
573 1694 683 1762 labora
715 1697 840 1778 lessus,
867 1696 913 1764 ad
941 1690 1050 1764 locum
1078 1693 1239 1785 quendam

90 1793 265 1857 consuerat
289 1782 356 1864 ire,
393 1792 428 1850 et
455 1782 498 1848 ad
527 1781 741 1850 recreandum
771 1781 832 1859 illic
864 1807 903 1851 se
939 1793 1070 1850 rentum
1108 1804 1236 1847 vocare.
1280 1812 1285 1819 ·

89 1867 189 1945 Quod
218 1891 319 1956 quum
346 1880 446 1956 saepe
474 1868 613 1948 laceret,
649 1890 796 1934 amorem,
826 1868 859 1933 in
888 1891 925 1936 se
954 1870 1053 1936 morit
1080 1867 1236 1947 Aurorae,

90 1977 174 2043 qnae
203 1954 234 2020 ci
262 1975 376 2020 canem
404 1951 651 2034 velocissimam,
686 1953 888 2042 Lampadam
916 1955 1061 2033 nomine,
1096 1951 1279 2032 donavitla

90 2052 124 2107 et
152 2039 220 2105 duo
247 2038 371 2105 hastilia
399 2039 610 2119 inevitabilia,
628 2039 713 2127 quia
743 2052 876 2107 venator
897 2050 993 2119 -erat3
1040 2048 1180 2127 eumque
1206 2039 1239 2103 in

90 2125 289 2214 amplexibus
315 2125 462 2211 rogavit,
495 2136 531 2192 ut
559 2136 668 2213 spreta
689 2148 792 2191 uxore
813 2149 891 2204 sua,
916 2135 998 2192 'eam
1030 2123 1126 2191 amet.
1180 2123 1238 2191 Ille
1275 2153 1277 2157 ·

89 2213 151 2291 ait,
182 2206 403 2294 iusiurandum
428 2229 466 2281 sc
495 2209 616 2276 habere
647 2230 722 2277 cum
751 2211 893 2301 conjuge
918 2222 1051 2278 mutuae
1072 2208 1237 2277 castitatis.
1284 2258 1288 2263 -

87 2297 164 2372 Quo
185 2296 315 2378 audito,
337 2292 504 2384 respondit
524 2297 665 2372 Aurora:
704 2305 746 2361 ut
771 2295 896 2384 probes
926 2297 941 2360 i
968 2297 1045 2360 itur
1074 2295 1238 2380 conjugis·

86 2381 314 2456 castitatem,
336 2391 437 2446 muta
452 2390 486 2444 te
502 2379 540 2443 in
552 2390 789 2449 mrcatorem.
830 2380 905 2455 Quo
947 2387 1039 2460 acto,
1059 2377 1111 2445 ille
1132 2391 1170 2445 ut
1190 2377 1278 2448 adua

87 2466 229 2534 Procrin
256 2465 357 2546 venit,
390 2465 506 2531 oblatis
534 2465 719 2533 muneribus
751 2465 984 2555 impetrataque
1013 2485 1051 2530 re
1081 2464 1245 2551 conjugii„

86 2553 257 2620 consessus
286 2566 354 2632 est,
387 2574 424 2618 se
459 2573 531 2615 esse
563 2550 713 2617 maritum
748 2574 853 2618 suum.
906 2549 1004 2626 Quod
1032 2548 1083 2618 illa
1113 2548 1238 2625 dolena,

86 2661 190 2727 quum
211 2635 354 2704 audisset
374 2659 393 2702 a
416 2636 572 2714 rustico,
588 2657 699 2703 amare
725 2658 799 2704 eum
826 2648 1001 2717 Auroram,
1030 2658 1127 2723 quam
1145 2635 1235 2703 invo-

87 2746 166 2805 care
187 2720 486 2807 consueveratad
509 2721 617 2788 silvam
638 2723 785 2808 prosecta
806 2736 872 2803 est,
902 2722 987 2793 etin
1011 2721 1168 2793 fruticetis¹
1188 2720 1235 2788 la·
1278 2732 1281 2740 “

85 2811 148 2877 tuit
176 2809 220 2874 ad
247 2805 565 2896 deprehendendum.
584 2806 742 2892 maritum.
799 2807 863 2882 Qui
894 2831 996 2898 quum
1020 2828 1112 2879 more
1140 2807 1277 2881 solitoas

86 2897 254 2962 Auroram
269 2905 416 2974 vocaret,
444 2891 713 2980 Procrisegtedi
734 2917 774 2962 cu
799 2894 884 2969 iens,
921 2895 1071 2963 fruticeta
1092 2915 1245 2961 commo..

85 2982 138 3048 vit.
182 2981 325 3068 Sperans
347 2978 511 3067 Cephalus
535 2980 636 3079 leram
658 3002 750 3063 csse,
777 2919 905 3049 hastam
926 2976 1137 3047 inevitabilem
1156 2998 1234 3045 aon-

81 3067 180 3158 jecit‚
202 3067 262 3133 et'
291 3088 386 3131 narus
405 3087 541 3133 uxorem
560 3067 738 3147 interemit,
767 3089 859 3156 quae,
872 3077 980 3135 tomen
1001 3065 1164 3147 moriens,
1191 3086 1236 3147 pe
1286 3138 1292 3151 ,

84 3157 247 3221 Auroram
289 3163 419 3232 meret,
451 3149 663 3245 postularitg

470 3347 583 3428 217,
620 3320 848 3430 Tereus.
1000 3336 1002 3341 Ι
1236 3294 1274 3440 aa

171 3482 301 3563 Tereus
321 3503 377 3550 rex
397 3480 563 3550 Thracum
588 3481 656 3559 init.
701 3483 766 3558 Qui
788 3503 887 3571 quum
913 3476 1106 3562 Pandionis,
1136 3477 1234 3551 Athe-

86 3592 204 3636 narum
234 3566 342 3656 regis,
372 3569 479 3649 filiam·
492 3570 645 3635 Procnen
672 3569 799 3652 nomine
831 3567 975 3649 duxisset
1006 3590 1157 3650 uxorem,
1200 3574 1259 3637 et'

86 3666 163 3743 post
183 3655 374 3760 aliquantum
396 3667 525 3743 tempus
545 3657 588 3735 ah
615 3647 666 3721 ea'
675 3665 848 3742 rogaretur
870 3654 928 3719 sihi
948 3652 1157 3721 Philomelam
1179 3677 1232 3720 so-

84 3763 195 3808 rorem
216 3741 385 3808 mdendam
413 3742 589 3823 accersire,
615 3742 784 3845 profectus
814 3739 974 3818 Athenas,
1000 3740 1078 3807 dum
1100 3739 1233 3807 adducit

84 3825 243 3917 puellam,
272 3827 306 3893 in
334 3827 446 3914 itinere
473 3850 545 3893 eam
572 3824 706 3907 vitiavit,
735 3839 767 3894 et
792 3826 822 3892 ei
844 3824 986 3912 lingnam
1007 3824 1161 3906 abscidit,
1192 3849 1275 3902 near,

86 3913 213 3979 ticinus
243 3911 407 3980 indicaret.
451 3913 509 3979 Illa
537 3925 644 3981 tamen
671 3937 758 3991 rem,
789 3913 822 3980 in
844 3923 933 3978 reste
956 3933 1016 3978 auo
1038 3932 1155 3979 cruore
1175 3911 1231 3978 de·
1314 3934 1315 3939 ¹

86 4000 257 4087 scriptam,
287 4000 390 4066 sorori
420 4000 514 4066 misit.
564 3999 637 4073 Qua
667 4000 817 4088 cognita,
855 3998 986 4063 Procne
1025 3997 1098 4087 Ityn
1135 3997 1233 4064 filiurn

85 4107 182 4151 suum
199 4084 375 4164 interemit,
406 4096 439 4151 et
460 4084 542 4173 patri
563 4086 758 4174 epulandum
779 4082 937 4173 apposuit.
979 4082 1101 4150 Postea
1121 4105 1232 4149 omnes

86 4171 120 4236 in
142 4192 219 4237 aves
239 4171 352 4239 mutati
371 4185 465 4252 sunt3
495 4172 624 4238 'l'ereus
643 4173 676 4242 in
698 4193 856 4262 upupam,
889 4169 959 4258 Itys
978 4168 1009 4237 in
1033 4166 1232 4259 phasianum,

85 4255 220 4324 Procne
238 4256 273 4322 iu
292 4256 511 4349 hirundinem,
540 4256 718 4328 Philomela
737 4259 769 4324 in
790 4254 967 4324 lusciniam.

822 4367 905 4438 hh*
