2692 4606
153 170 218 254 96
268 209 275 231 ¹
462 173 731 279 Mydon-11.
797 170 1000 252 62-64.
1028 253 1055 291 s
1173 278 1179 289 .

216 302 219 311 ¹
329 346 332 351 ’
383 360 452 441 69.
506 318 734 438 Saturnus
781 373 824 438 et
870 312 1078 463 Philyra.

251 493 408 559 Saturnus
441 488 518 581 dum
547 513 619 559 cum
650 501 756 559 amata
786 489 917 581 Philyra
944 513 1012 557 rem
1045 492 1208 575 haberet,
1231 494 1304 585 Ops

169 577 238 669 ejus
260 600 342 645 uxor
370 575 507 644 advenit.
562 576 663 667 Cujus
686 578 898 666 praesentiam
928 577 1059 659 timens,
1089 578 1249 649 convertit
1266 590 1305 649 se

166 663 198 730 in
220 687 345 750 equum.
389 661 516 729 Exinde
537 674 630 729 natus
651 675 701 730 est
721 663 842 730 Chiron
864 661 992 729 dimidia
1011 675 1103 757 parte
1123 665 1234 747 homo,
1254 666 1305 749 di-

142 750 263 832 smidiu
285 772 397 839 equus.
437 748 602 815 Habitavit
627 759 734 814 autem
764 749 796 815 in
818 748 925 828 Pelio,
957 749 1146 817 Thessaliae
1172 762 1304 835 monle3

166 859 273 924 aquo
298 820 433 901 Achilles
463 845 495 900 et
516 833 721 923 Aesculapius
750 833 858 901 nutriti
886 832 1042 902 dicuntur.
1090 837 1156 903 Hic
1185 848 1307 925 postea·

24 994 31 1003 ,
116 996 120 1005 ,
163 921 331 1020 translatus
363 930 414 989 est
441 919 524 988 iuter
556 919 664 988 sidera
697 941 718 987 a
753 919 914 1003 Saturno,
945 931 979 987 et
1012 920 1115 991 sactus
1151 933 1204 992 est
1232 924 1303 991 Su·

142 1018 347 1095 ·'gz-ttorzus.
1074 1020 1078 1025 ’

486 1140 555 1218 65.
609 1144 962 1220 Prometheus.

123 1303 160 1354 1⁰
249 1267 464 1339 Prometheus
493 1295 590 1361 quum
619 1275 778 1340 huminem
806 1274 960 1362 lingeret,
993 1271 1081 1363 jussu
1102 1270 1238 1343 deorum
1259 1296 1302 1363 ex

164 1359 310 1424 omnibus
333 1357 516 1424 animalibus
537 1360 726 1449 particulas,
756 1371 855 1448 prout
878 1371 948 1426 erat
970 1382 1079 1427 eurum
1102 1372 1236 1441 natura,
1269 1384 1292 1428 e

163 1470 181 1510 a
207 1447 353 1532 ponebat.
406 1442 502 1508 Unde
523 1446 594 1509 vim
615 1447 724 1510 leucio
744 1445 918 1509 stomacho
939 1444 1073 1509 dicitur·
1095 1445 1301 1531 apposuisse

161 1469 301 1610 idcirco,
332 1527 418 1616 quod
449 1528 615 1595 iracundia
644 1529 746 1617 magis
784 1528 1014 1611 accendamur;
1042 1529 1189 1597 timorem
1214 1529 1302 1596 ale·

162 1630 257 1704 pore,
285 1616 430 1682 astutiam
453 1638 473 1679 a
499 1615 652 1703 vulpe.a
683 1627 830 1702 serpente
851 1615 1071 1703 prudentiam,
1099 1638 1119 1681 a
1148 1614 1300 1695 columba

122 1703 403 1789 15simplioitatem.
447 1700 541 1765 Fecit
564 1712 670 1767 autem
693 1700 851 1766 hominem
872 1701 1075 1768 inanimatum
1098 1711 1131 1768 et
1161 1702 1299 1768 insensi-

155 1784 266 1853 'bilem
311 1786 412 1876 Cujus
435 1807 516 1871 opus
537 1779 830 1864 Minerva'mirata,
857 1786 1028 1875 spopondit
1049 1787 1079 1851 ei
1097 1788 1152 1866 ut,
1172 1788 1201 1854 si
1220 1785 1300 1877 quid
1337 1790 1340 1795 ’

161 1873 255 1940 vellet
270 1871 311 1938 de
329 1871 515 1939 caelestibus
536 1870 576 1936 ad
598 1892 689 1941 suum
710 1894 800 1960 opus,
821 1871 1002 1959 inquireret
1032 1870 1088 1937 llle
1103 1895 1138 1936 se
1153 1872 1300 1952 nescire,

163 1959 221 2038 ait,
251 1981 339 2046 quae
368 1956 456 2019 bona
481 1960 518 2019 in
550 1951 755 2020 caelestibus
787 1955 995 2022 haberentur
1003 1979 1017 2035 3
1047 1957 1124 2036 sed,
1157 1955 1191 2020 si
1205 1951 1300 2042 fieri

159 2054 285 2130 posset,
308 2065 344 2105 ae
364 2063 472 2129 usque
492 2040 541 2103 od
559 2062 700 2128 superos
720 2040 861 2119 levaret,
881 2053 985 2129 utque
1008 2039 1197 2120 exinde,-si
1233 2042 1318 2123 oid,

119 2128 259 2214 200peri
290 2149 352 2190 suo
378 2146 572 2226 congruum
600 2136 772 2200 cerneret,
808 2125 948 2190 melion·
963 2149 1137 2213 praesens.
1162 2063 1301 2191 ordirer

15 2214 20 2222 '
162 2213 312 2276 tulisset.
354 2209 411 2275 Illa
441 2221 523 2275 mter
556 2232 629 2276 oras
656 2211 867 2298 septemplicis
898 2211 999 2302 clypei
1027 2210 1183 2277 sublatum
1207 2210 1300 2277 caelo

159 2297 270 2363 intulit.
313 2296 359 2363 Et
380 2293 455 2360 dum
477 2294 599 2362 videret
620 2295 767 2361 caelestia
787 2297 925 2364 animata
952 2309 984 2364 et
1004 2298 1115 2383 vigore
1135 2302 1300 2383 vegetato,

159 2383 353 2448 Phoebnicis
375 2381 453 2447 rotis
474 2381 634 2470 applicans
656 2381 809 2462 suculam,
824 2382 940 2468 ⁸iguem
964 2382 1179 2471 consequitur,
1224 2404 1301 2450 uem

162 2469 297 2535 hominis
325 2466 486 2554 applicans
517 2466 657 2554 pectori,
684 2469 854 2534 animatum
883 2467 1034 2548 reddidit,
1083 2468 1218 2534 Promet
1239 2490 1301 2535 eus

107 2553 267 2627 ,25dietu‘s
289 2556 379 2644 quasi
401 2546 616 2640 προμήθεια,
637 2551 723 2640 quod
746 2575 803 2618 nos
820 2553 928 2619 Latini
946 2553 1207 2641 providentiam
1226 2552 1302 2619 Dei

162 2641 305 2706 dicimus.
349 2639 450 2713 Quasi
472 2638 542 2702 Dei
561 2638 796 2726 providentio,
817 2651 850 2705 et
870 2639 1014 2707 Minerva
1031 2636 1134 2728 quasi
1154 2635 1301 2707 coelesti

39 2762 43 2771 ·
159 2725 337 2813 sapientia
357 2723 582 2802 humefactus
604 2723 652 2790 sit
1150 2750 1152 2755 ·

391 2889 461 2965 64.
515 2890 706 2965 Hostia
754 2888 1068 2966 Promethei.

246 3019 372 3108 Antiqui
403 3043 500 3108 quum
517 3086 520 3092 ,
539 3032 623 3089 totas
665 3016 784 3117 hostias
820 3019 902 3086 inter
937 3041 1030 3085 sacra
1071 3025 1299 3086 consumerent

119 3106 307 3188 godamma,
336 3106 568 3187 Prometheus,
598 3106 652 3208 qui
679 3117 810 3195 propter
832 3103 1053 3175 excellentiam¹
1081 3103 1174 3170 animi
1197 3104 1300 3171 horni-

162 3214 219 3256 nes
242 3192 368 3257 finxisse
387 3192 590 3269 existimatur,
613 3204 801 3280 impetrasse
826 3213 847 3256 a
867 3191 947 3257 Jove
968 3192 1093 3270 dicitur,
1116 3202 1151 3256 ut
1172 3200 1298 3279 partem

161 3277 286 3344 hostiae
305 3277 345 3353 in
378 3277 488 3364 ignem
517 3278 727 3366 conjicerent,
763 3289 886 3364 partem
918 3277 950 3342 iu
968 3274 1036 3342 'suo
1071 3287 1297 3342 consumerent

160 3363 254 3430 victu.
299 3362 393 3436 Quae
420 3362 496 3429 dum
523 3363 720 3430 consuetudo
750 3361 958 3451 perduraret,
991 3363 1059 3452 ipse
1080 3360 1324 3429 Prometheus·

162 3447 243 3515 duos
264 3459 373 3516 tauros
394 3448 579 3528 immolavit,
619 3471 752 3536 quorum
779 3447 892 3538 jecora
915 3470 1011 3535 quum
1033 3447 1167 3536 primum
1187 3448 1220 3514 iu
1241 3469 1298 3513 are

118 3536 341 3623 35posuisset,
383 3535 464 3601 tauri
500 3535 665 3625 utriusque
704 3556 851 3614 carnem,
887 3534 917 3597 in
947 3557 1044 3599 unum
1074 3534 1295 3621 compositam,

162 3623 249 3686 corio
271 3618 388 3685 bubulo
418 3621 512 3700 texit;
545 3644 618 3688 ossa
645 3643 729 3710 quae
751 3621 869 3686 circum
893 3620 1031 3701 fuerant,
1062 3620 1187 3707 reliqua
1214 3618 1295 3709 pelle
1334 3672 1337 3709 ,

161 3719 324 3782 contecta,
355 3705 387 3770 iu
409 3705 514 3771 medio
549 3707 729 3789 collocarit,
763 3706 836 3771 lovi
869 3704 988 3772 faciens
1020 3717 1231 3793 potestatem,
1259 3714 1295 3774 ut
1334 3718 1337 3725 '

160 3815 254 3879 quam
278 3791 369 3857 vellet
390 3803 529 3858 sumeret
548 3805 681 3882 partem.
728 3791 875 3879 Juppiter
896 3806 1065 3879 utrumque
1087 3804 1204 3879 putans
1225 3802 1294 3859 tau-
1331 3730 1337 3889 l

158 3900 326 3956 ramesse,
349 3875 470 3964 delegit
490 3901 564 3947 ossa
584 3902 642 3967 pro
664 3900 722 3945 sua
737 3876 865 3942 dimidia
886 3888 986 3963 parte.
1028 3878 1177 3965 Juppiter
1197 3900 1295 3967 quum
1333 3878 1342 3925 l

55 3991 58 3999 ·
117 3964 281 4047 40sactum
311 3964 476 4043 rescisset,
512 3966 702 4031 mortalibus.
725 3963 838 4049 eripuit
871 3961 997 4048 ignem,
1031 3985 1072 4028 ue
1105 3986 1180 4029 caro
1212 3965 1294 4033 utilis
1333 3962 1336 3983 '

162 4062 262 4128 esset,
298 4069 395 4137 quum
418 4050 511 4138 coqui
538 4073 600 4116 non
622 4060 740 4139 posset.
784 4047 998 4114 Prometheus
1021 4061 1142 4129 autem,
1177 4065 1296 4118 morta·
1331 4032 1336 4083 ¹

157 4133 240 4201 libus
262 4134 370 4221 ignem
393 4137 561 4205 restituere
583 4137 746 4222 cogitans,
778 4132 942 4199 Minervae
963 4135 1077 4200 aunilio
1101 4134 1225 4203 caelum
1249 4137 1296 4203 di-

158 4220 244 4289 citur·
262 4220 462 4306 ascendisse,
489 4233 525 4292 et
544 4221 686 4291 adhibita
713 4217 756 4288 ad
786 4216 894 4288 radios
924 4219 998 4289 solis
1027 4220 1151 4307 facula,
1183 4223 1296 4313 ignom
1341 4274 1342 4279 η

1329 4368 1342 4570 l
