2684 4606
125 120 130 135 ἱ
152 160 204 240 16
228 160 232 171 ’
537 160 721 264 Mplhogr.
749 149 783 235 l.
837 104 907 238 dd.
957 190 963 204 “

151 353 336 440 ignorantes
360 347 508 451 implicati
529 359 621 429 sunt,
650 357 778 418 etcum
803 348 927 438 ingenti
948 347 1145 439 turpitudine
1164 349 1299 418 resoluti

152 440 212 506 sub
250 437 430 506 testimonio
472 441 661 503 cunctorum
699 433 844 503 deorum.
904 434 1003 510 Quod
1030 435 1149 503 factum
1186 435 1298 504 Venus

20 524 36 595 ’,
151 524 355 591 vehementer
373 520 513 598 dolens,
546 521 680 610 stirpem
707 542 835 587 omnem
868 520 951 587 Solis
977 544 1074 610 perse
1098 522 1128 585 ui
1150 521 1301 591 infandis

151 610 314 677 amoribus
336 607 451 696 coepit.
495 605 599 695 igitur
622 605 801 696 Pasiphaii,
831 605 915 673 Solis
937 605 1016 685 filia,
1049 675 1053 681 ,
1094 606 1175 673 'nois
1204 609 1300 697 regis.

56 768 63 785 x
126 696 274 763 scretae
297 715 394 784 uxor,
426 692 508 761 tauri
531 713 641 773 amore
660 692 840 780 flagrabat,
870 703 902 759 et
924 704 994 759 arte
1015 690 1152 759 Daedali
1172 690 1308 762 inclusa¹

148 781 233 850 intra
255 802 384 847 vaccam
406 775 561 866 ligneam,
589 786 715 864 septam
744 777 832 843 corio
855 776 1015 867 juvencae
1049 778 1298 867 pulcherrimae,

150 889 225 933 cnm
247 864 340 933 tauro
356 887 423 931 rem
446 860 576 933 habuit‘:
596 862 685 929 unde
706 873 866 930 natusest
886 863 1104 946 Minotaurus,
1126 864 1191 954 qui,
1211 864 1298 933 intra

146 951 359 1041 labyrinthum
399 949 556 1032 inclusus,
593 948 739 1016 humanis
776 948 926 1016 carnibus
969 951 1169 1018 vescebatur.
1226 950 1300 1019 Sed

155 1038 260 1104 Μὶιιοε
292 1036 335 1103 dc
369 1034 532 1123 Pasiphae
561 1033 674 1103 habuit
714 1031 830 1100 liberos
860 1033 1032 1122 plurimos,
1074 1034 1304 1124 Androgeum,

108 1122 329 1203 10Ariadnen,
365 1120 575 1197 Phaedram„
608 1117 677 1186 Sed
706 1117 900 1206 Androgeus
930 1144 1035 1209 quum.
1053 1118 1147 1191 'esset
1176 1122 1300 1193 athleta

150 1207 362 1285 fortissimus,
393 1217 426 1272 et
452 1209 621 1294 superaret
641 1205 675 1272 in
697 1206 856 1291 agonibus
878 1218 1012 1273 cunctos
1035 1205 1122 1296 apud
1142 1208 1296 1289 Athenas,

149 1295 190 1359 ab
211 1292 454 1361 Atheniensibus
487 1302 521 1358 et
548 1290 657 1358 vicinis
681 1288 934 1377 Megarensibus
963 1290 1135 1382 conjuratis
1167 1295 1296 1361 occisus

148 1391 206 1446 est.
250 1377 347 1453 Quod
362 1378 473 1461 ,Minos
495 1374 628 1457 dolens,
659 1374 800 1443 collectis
816 1377 973 1458 navibus,
1004 1378 1086 1445 bella
1107 1380 1295 1448 commovit:

29 1482 33 1487 '
148 1476 182 1534 et
203 1463 292 1531 victis
313 1461 556 1530 Atheniensibus
600 1483 714 1528 oeuam
742 1461 828 1529 hanc
855 1462 982 1544 statuit,
1012 1476 1051 1532 ut
1069 1462 1203 1553 singulis
1247 1465 1296 1532 ui·

106 1552 274 1637 rebusque
294 1549 384 1617 annis
405 1549 477 1620 VII.
497 1547 541 1615 de
594 1547 656 1628 “s,
673 1557 716 1614 ¹et
733 1546 805 1614 Vll.
847 1546 891 1614 ds
911 1549 1035 1617 filiabus
1060 1548 1127 1619 suis
1147 1488 1294 1618 edenbm

147 1636 329 1703 Minotauro
351 1635 521 1703 mitterent.
573 1630 644 1700 sed
672 1631 767 1700 tertio
795 1653 879 1699 anno
908 1634 1011 1722 Aegei
1037 1634 1128 1725 filius!
1141 1636 1295 1706 Theseus

57 1756 58 1759 ¹
146 1722 261 1789 missus
298 1731 364 1800 est,
416 1730 530 1807 potens
565 1718 680 1785 virtute
720 1729 817 1806 atque
850 1719 963 1785 forma.
1020 1721 1084 1796 Qui
1118 1744 1219 1810 quum
1250 1724 1294 1791 ab

146 1804 416 1893 Ariadne,aeregis
439 1804 519 1885 lilia,
543 1813 668 1870 amatus
689 1802 819 1880 fuisset,
847 1803 983 1892 Daedali
1005 1806 1135 1875 consilio
1155 1807 1211 1875 filo
1231 1808 1295 1877 iter

147 1890 297 1973 direxit,
312 1905 362 1968 et,
404 1903 520 1957 necato
548 1888 750 1968 Minotauro,
792 1909 864 1973 cum
892 1903 987 1978 rapta
1014 1891 1155 1959 Ariadhe
1189 1892 1294 1962 victor

45 2045 47 2050 .
86 1978 285 2078 .20aulugit
338 1976 432 2050 Quae
453 1997 552 2065 quum
573 1973 679 2040 omnia
706 1972 846 2042 factione
872 1973 1010 2043 Daedali
1038 1978 1144 2047 Minos
1165 1978 1294 2069 -depre÷

147 2065 310 2129 hendisset
333 2063 468 2141 effecta,
491 2083 564 2127 eum
586 2081 660 2127 oum
680 2058 775 2125 Icaro
797 2059 861 2126 filio
884 2061 1075 2129 servandum
1096 2064 1128 2131 in
1150 2064 1292 2169 labyrin-

145 2150 234 2216 thum
258 2147 361 2215 trusit.
395 2145 463 2213 Sed
483 2143 657 2226 Daedalus,
680 2144 838 2233 corruptis
860 2147 1046 2215 custodibus
1067 2152 1128 2216 sub
1150 2150 1292 2219 faciendi

146 2235 285 2301 muneris
307 2232 430 2322 specie,
460 2255 524 2322 quo
546 2230 729 2312 simulabat,
750 2254 848 2320 posse
868 2253 982 2319 regem
1014 2235 1149 2324 placari,
1179 2258 1291 2305 ceram

146 2321 271 2408 aceepit
292 2330 325 2387 et
363 2338 486 2400 ennas,
508 2322 542 2385 et
560 2316 653 2397 inde,
674 2329 740 2385 tam
761 2317 821 2385 sibi
841 2341 937 2405 quarn
958 2320 1022 2386 lilio
1044 2320 1102 2390 alis
1119 2322 1289 2411 impositis,

103 2425 141 2476 aa
149 2405 290 2473 evolavit
344 2342 456 2472 icarus
479 2405 591 2473 altiora
612 2414 744 2492 petens,
773 2404 884 2493 pennis
906 2404 979 2472 solis
1001 2407 1109 2474 calore
1129 2408 1288 2490 resolutis,

143 2492 243 2574 mari,
265 2493 299 2559 iu
319 2489 407 2594 quod
427 2491 561 2574 cecidit,
583 2512 698 2557 nomen
718 2489 877 2577 imposuit.
918 2490 1081 2561 Daedalus
1108 2515 1185 2561 vero
1208 2495 1286 2562 Sar·

145 2577 264 2649 (liniam
291 2599 394 2667 primo
425 2578 567 2659 delatus,
595 2574 714 2643 deinde
733 2574 873 2657 Oumas;
906 2588 941 2644 et
960 2576 993 2643 in
1013 2579 1133 2670 templo
1155 2580 1286 2670 Apollini

147 2664 276 2732 condito
307 2664 360 2730 lilii
396 2664 446 2730 sui
473 2686 584 2731 casum
613 2659 764 2764 depinxit.
818 2659 944 2728 Veritas
976 2675 1083 2732 autem
1112 2665 1196 2733 haec
1230 2678 1283 2735 est

144 2750 230 2817 Nam
252 2750 382 2816 Taurus
404 2751 545 2816 notarius
566 2747 682 2815 Minors
704 2744 779 2823 fuit,
811 2755 906 2834 quem
928 2748 1090 2839 Pasiphae
1116 2749 1282 2832 adamavit

102 2853 219 2903 aucum
242 2857 306 2924 quo
325 2836 357 2899 in
379 2832 475 2900 domo
496 2831 633 2900 Daedali
652 2829 834 2898 concubuit.
882 2831 928 2899 Et
954 2837 1029 2922 quia
1059 2836 1208 2925 geminos
1253 2861 1281 2904 e·

141 2923 242 3011 perit,
277 2942 374 2985 unum
398 2918 439 2984 de
460 2920 587 3000 Minoi,
617 2928 651 2985 et
669 2915 763 2981 alium
786 2916 829 2983 de
850 2917 980 3002 Tauro,
1016 2923 1110 2989 enixa
1130 2946 1205 2991 esse
1262 2924 1279 2991 i·

142 3020 312 3075 notanrum
334 3004 458 3072 dicitur.
503 3002 571 3071 Sed
602 3001 756 3069 inclusum
779 3002 960 3072 Daedalum
986 3007 1100 3096 regina
1127 3011 1278 3099 corruptis

141 3092 293 3160 relaxavit
312 3090 517 3172 custodibus3
550 3089 621 3178 qui,
656 3088 774 3155 amisso
799 3089 831 3155 in
854 3092 1036 3174 marihlio,
1069 3094 1141 3161 navi
1161 3093 1277 3164 delatus

41 3181 44 3185 ’
143 3191 192 3248 est
216 3179 348 3244 Cumas.
392 3176 490 3253 Quod
511 3175 660 3263 Virgilius
682 3175 796 3263 tangit,
817 3173 943 3245 dicens:
965 3178 1114 3266 remigio
1134 3180 1274 3247 alarum

101 3266 221 3416 cuplae
243 3263 327 3414 enirp
349 3274 383 3331 et
402 3264 565 3332 volucrum
587 3273 678 3344 sunt,
708 3270 742 3329 et
762 3261 905 3348 navium3
934 3273 987 3332 ut:
1018 3264 1174 3334 velorum
1191 3272 1275 3355 pou'·

166 3373 258 3418 smus
281 3372 303 3416 c
320 3370 371 3418 aa.

547 3468 617 3546 dl.
672 3470 877 3546 Procris.

226 3601 377 3682 Procris,
398 3598 583 3690 filialphili,
606 3621 687 3666 uxor
705 3600 839 3692 Cephali
861 3600 929 3670 luit
957 3599 1021 3678 Qui
1037 3622 1134 3751 :purum
1147 3588 1271 3671 venand

144 3686 250 3756 studio
272 3697 453 3768 teneretur,
481 3688 594 3755 labore
616 3687 736 3770 lessus,
765 3686 807 3756 ad
828 3686 935 3755 locum
955 3709 1038 3776 quen
1064 3710 1115 3752 am
1135 3687 1183 3754 ire
1204 3688 1267 3756 con

101 3787 305 3855 assueverat,
339 3787 373 3843 et
400 3773 463 3840 illic
487 3774 530 3840 ad
559 3796 596 3840 se
625 3774 837 3841 recreandum
868 3795 994 3841 auram·
1008 3793 1133 3861 vocare.
1183 3764 1269 3850 Qua

143 3874 241 3949 quum
267 3884 324 3929 sae
349 3884 367 3926 e
396 3860 536 3942 faceret,
567 3881 709 3927 amorem
727 3861 758 3928 in
783 3882 821 3928 se
841 3859 939 3927 movit
958 3861 1119 3939 Aurorae,
1147 3881 1267 3946 quaec

60 3972 63 3980 ·
144 3969 255 4013 canem
295 3885 543 4025 adocissimum,
570 3944 737 4036 =Lelepam
772 3946 917 4024 nomine,
955 3944 1101 4022 donarit,
1146 3957 1181 4013 et
1216 3944 1266 4013 du«

26 4054 31 4063 ¹
144 4033 267 4099 hastilia
286 4031 494 4107 inevitabilia,
522 4053 596 4098 eum
619 4054 661 4098 ue
700 4032 866 4134 complexa
900 4031 1043 4117 rogavit,
1080 4043 1132 4108 ut,
1171 4044 1265 4119 spret

145 4140 243 4184 uxore
271 4142 347 4200 sua,
375 4141 446 4185 eam
474 4130 568 4186 amet.
646 4139 665 4185 e
685 4115 985 4207 ait,1usjurandum
1006 4141 1043 4185 se
1065 4117 1186 4184 habere
1207 4141 1264 4185 cun

100 4202 283 4294 luconjuge
311 4215 442 4274 mutuae
472 4202 633 4275 castitatis.
684 4202 758 4280 Quo
787 4201 914 4286 audito,
944 4203 1110 4294 respondit
1137 4208 1261 4272 Aurora
