2684 4606
280 191 554 315 uyuogrm.
610 191 679 273 rr.
731 142 886 278 Μ..
1040 194 1149 312 ,aar
1210 302 1215 309 p

63 384 71 442 t
108 375 242 456 amitas,
282 373 368 443 hunc
395 396 511 463 regern
544 376 638 445 Asiae
674 372 885 468 praedivitem,
913 377 1028 462 fuisse,
1067 380 1171 449 ideo*
1200 384 1205 393 '

63 461 346 540 Iaticumldictum,
380 464 455 550 quia
477 463 545 529 navi
567 463 681 531 multas
702 470 730 531 r'
763 466 852 533 iones
866 467 1045 545 ¹transierit.¹
1079 468 1146 534 Hic

63 547 158 614 ricem
191 546 376 615 debellavit·
420 549 473 613 De
508 570 573 634 qua
603 571 640 615 re
672 561 727 617 ut·
753 551 833 618 atius
866 573 1018 637 agamus,
1056 555 1144 639 rogis
1167 578 1185 601 ν

63 635 138 699 roroi
159 643 225 702 tres
247 632 339 698 fuere
358 630 459 708 filiae,
491 634 633 716 Stheno,
661 635 856 729 Euryaieet
883 637 1027 704 Medusa.
1068 639 1144 704 Hae

62 742 81 784 o
102 719 197 785 oculo
213 721 407 796 utebantur,
443 727 476 783 et
500 719 660 787 intuentes
690 721 887 812 iniapidenp
909 724 1169 808 convertebants

63 816 143 871 intra
165 827 245 894 quas
266 803 380 871 missus
401 804 543 872 Perseus
563 829 634 874 cum
653 804 702 896 ciy
725 807 1014 897 co‘crystailinoet
1034 810 1162 896 harpe,
1241 812 1244 817 ’

63 890 107 956 od
128 912 234 978 genus
252 886 305 958 est
324 890 378 958 teli
400 889 526 973 falcati,
550 890 679 959 consilio
750 896 878 960 inervae
898 916 953 960 eas
975 895 1143 962 interfecit

63 999 148 1042 svera
169 987 294 1058 autern,
314 986 351 1043 ut
373 976 503 1043 Servius
522 980 643 1060 refert,
662 988 729 1045 tres
752 1000 880 1048 sorores
900 981 1032 1047 fuerunt
1052 981 1145 1046 unius

63 1061 270 1129 ichritudinis.
311 1060 409 1128 Unde
428 1063 538 1130 fictum
559 1076 626 1144 est,
661 1062 748 1151 quod
769 1088 835 1133 uuo
855 1064 950 1131 oculo
971 1077 1146 1134 uterentur.
1219 1132 1222 1137 ,
1273 1146 1276 1151 .

63 1160 169 1216 rerunt
204 1158 313 1219 autem
341 1147 620 1236 locupletissimae3
661 1149 746 1216 unda
776 1163 810 1218 et
842 1151 1016 1239 Gorgones
1032 1146 1034 1152 ’
1051 1151 1189 1240 quasito
1264 1226 1266 1231 ,

63 1237 171 1322 ωργοὶ,
189 1233 223 1300 id
244 1246 293 1300 est
313 1241 428 1297 terrae
440 1234 611 1301 :cultrices
632 1231 740 1302 dictae
761 1236 851 1316 sunt3
870 1241 915 1325 γῆ
936 1238 1018 1303 enim
1040 1248 1150 1318 terra,

63 1322 115 1396 ria
136 1318 278 1384 cultura
296 1317 531 1406 interpretatur.
573 1321 660 1386 Sane
681 1321 817 1388 marinna
837 1343 984 1390 sororum
1000 1320 1148 1402 Medusa,
1236 1365 1238 1369 ·
1298 1364 1301 1368 -

64 1415 116 1471 tre
137 1415 281 1486 mortuo,
312 1403 344 1469 in
373 1425 511 1492 regnum
540 1417 750 1472 successerat.
807 1408 899 1481 Quae
920 1410 994 1496 quia
1015 1409 1152 1474 astutior
1179 1441 1200 1478 ι,

63 1490 140 1556 toris
165 1491 240 1579 fuit,
277 1489 382 1577 capite
403 1492 487 1576 picta
515 1500 566 1556 est
586 1492 777 1577 serpentino.
818 1491 868 1559 Ad
891 1494 974 1559 hanc
996 1493 1150 1560 occiden-
1209 1490 1224 1519 ²

64 1600 98 1641 m
135 1576 344 1663 imaginario,
384 1575 499 1642 idest
527 1577 704 1666 crystallino
741 1598 818 1644 usus
856 1576 979 1644 videtur
1006 1579 1193 1653 Perseus15
1228 1648 1235 1669 χ

63 1683 147 1750 rpeo,
170 1665 243 1750 quia
265 1660 399 1728 consiliis
423 1660 490 1750 ejus
510 1683 569 1749 per
589 1662 804 1750 speculatores
825 1685 901 1730 suos
923 1665 1151 1751 praecognitis,

63 1748 185 1835 opinato
208 1770 305 1836 saepe
327 1769 463 1813 occursu
484 1746 524 1812 iiii
546 1748 705 1823 obstiterit
724 1749 868 1836 fugienti.
916 1750 993 1815 Hac
1021 1748 1171 1821 tandein,
1262 1813 1265 1817 .

63 1845 212 1921 teremta,
245 1831 350 1922 capite
377 1832 493 1923 ipsius,
525 1831 558 1898 id
590 1846 643 1901 est·
668 1833 864 1913 substantia,
897 1833 1021 1914 ablato,
1057 1835 1162 1903 ditior

63 1931 148 2000 ctus,
180 1940 284 2004 regna
313 1940 374 1982 nec
402 1940 500 2007 parva
528 1939 589 1984 nec
618 1942 721 2005 pauca
750 1919 893 1986 obtinuit
943 1921 1091 2009 Denique
1120 1931 1153 1986 et

66 2007 158 2071 tantis
185 2027 321 2091 regnum
354 2003 505 2070 invadens
533 2003 647 2070 auritio
677 2005 840 2093 copiarum
860 2002 1045 2087 Medusae,
1079 2028 1197 2077 cumen

76 2103 218 2158 montem
242 2090 356 2175 fugere
378 2089 538 2176 compulit.
589 2089 684 2158 Unda
707 2112 766 2180 per
787 2103 885 2180 caput
905 2090 1060 2161 Medusae
1080 2110 1153 2159 eum

78 2188 220 2243 montem
240 2175 372 2261 fingitur
392 2176 609 2256 conuertisse.¹
971 2236 1009 2259 Ὗ

110 2264 142 2328 2.
185 2261 237 2326 De
259 2263 451 2348 Gorgonum
472 2271 580 2326 tamen
605 2254 828 2329 interfectione
848 2260 1011 2330 subtiirora
1031 2259 1156 2328 videtur
1181 2276 1205 2297 '‘

63 2347 159 2414 odere
178 2346 384 2433 Fulgentius.
409 2344 545 2434 'Gorgo
576 2348 678 2422 enim,
703 2346 823 2433 inquit,
862 2358 976 2412 terror
1000 2349 1157 2435 interpre-
1206 2386 1210 2391 ·

63 2447 124 2500 tur.
166 2432 252 2499 'rres
274 2445 380 2500 autem
401 2433 576 2519 Gorgonas
598 2431 661 2499 dici
688 2432 871 2512 voluerunt,
893 2433 983 2521 'quia
1003 2433 1064 2501 tria
1084 2442 1195 2501 suntee
1288 2483 1291 2491 ,

63 2518 162 2586 rroris
194 2540 317 2607 genera
346 2529 379 2584 et
407 2531 484 2585 tres
505 2519 658 2598 effectus,
693 2517 781 2605 quod
810 2517 904 2584 etiam
936 2540 994 2618 per
1019 2519 1160 2600 nomina·

63 2626 143 2672 rrum
164 2607 260 2670 trium
282 2604 488 2688 significatur.
542 2605 665 2670 Stheno
697 2623 834 2690 namque
867 2599 1033 2668 debilitas
1060 2603 1158 2670 inter-

63 2701 196 2768 ·etatur,
226 2688 260 2754 id
278 2702 328 2755 est
348 2690 470 2756 timoris
489 2690 628 2768 initium,
656 2686 753 2792 quod·
765 2697 887 2755 tantum
907 2700 1045 2755 mentem
1067 2687 1158 2759 debi-

63 2788 115 2858 at;
137 2773 279 2864 Euryale
298 2774 375 2838 lara
393 2771 643 2862 profirnditcs,
669 2775 702 2841 rd
728 2785 777 2840 est
808 2779 919 2860 stdpor
941 2773 988 2838 vel
1010 2775 1159 2853 amentia,

63 2885 115 2928 rae
147 2858 308 2949 profundo
342 2858 482 2947 quodam
513 2872 638 2926 terrore
668 2870 805 2926 mentem
842 2859 985 2962 spargit3
1015 2859 1203 2926 Medusaeo

63 2946 174 3025 divio,
209 2968 293 3035 quae
323 2966 386 3010 non
419 2946 534 3012 mentis
560 2956 685 3014 tantum
717 2944 825 3013 turbat
856 2955 1019 3022 intuitum,
1049 2967 1159 3011 verum
1239 2986 1248 3000 ·

64 3033 129 3099 iam
160 3032 328 3120 caliginem
350 3030 469 3119 ingerit
489 3031 582 3098 nisus.
624 3034 718 3097 Haeo
739 3030 875 3096 enimin
896 3029 1073 3098 hominibus
1094 3042 1160 3098 ter-

63 3140 87 3182 ιτ
107 3131 277 3204 operatur..
312 3117 454 3183 Perseus
470 3124 576 3184 autem
589 3115 620 3181 in
637 3116 876 3203 figuravirtutis
894 3117 1058 3203 accipitur.
1095 3117 1162 3181 Hic
1288 3186 1294 3195 ,

63 3204 355 3293 ijuranteMinerva
369 3205 559 3289 Gorgonem
576 3202 704 3280 occidit,
722 3202 796 3289 quia
806 3202 904 3269 virtus
913 3201 1160 3288 auxiliosapien-
1217 3242 1223 3267 t

63 3311 99 3355 ae
118 3311 230 3357 ornnes
257 3299 396 3356 terrores
416 3289 519 3356 vincit
559 3287 640 3354 Ideo
665 3309 794 3354 aversus
816 3282 915 3365 volat,
937 3289 1011 3374 quia
1030 3308 1204 3357 aversusao

63 3396 191 3461 nrorem
205 3396 359 3463 nusquam
375 3374 513 3462 respicit
534 3372 816 3460 Speculatumfert
828 3373 984 3461 clypeum,
1005 3373 1080 3460 qnia
1095 3394 1163 3436 om·
1268 3415 1274 3443 ,

63 3482 81 3530 s
102 3470 208 3530 terror
227 3483 289 3526 non
311 3461 413 3527 soiurn
432 3460 587 3527 in'corde
606 3460 664 3525 sed
684 3459 777 3524 etiam
797 3457 831 3522 in
857 3459 963 3545 figura
982 3467 1132 3524 transeat·
1269 3463 1272 3469 ’

119 3547 152 3615 3.
193 3547 247 3614 De
269 3547 425 3634 sanguine
446 3546 514 3634 ejus
540 3556 634 3612 natus
666 3545 769 3611 fertur
795 3543 965 3627 Pegasus,
996 3543 1028 3606 in
1056 3545 1165 3629 figura

63 3655 143 3699 imae
179 3634 390 3714 constitutus,
426 3633 481 3722 qui
510 3634 604 3700 etiam
641 3628 816 3698 secundum
848 3627 1033 3714 Remigium
1062 3629 1165 3711 sento

63 3730 274 3809 terpretatur.
315 3721 425 3787 Virtus
447 3718 530 3784 enim
551 3717 628 3784 dum
650 3716 755 3783 omnia
785 3715 1001 3801 superaverit,
1038 3725 1072 3780 et
1100 3722 1208 3786 ter-at,

63 3827 145 3872 >rem
171 3806 396 3892 amputaverit,
433 3816 667 3893 consequenter
688 3803 805 3868 famam
826 3809 971 3885 generat.
1016 3796 1111 3865 Unde
1134 3810 1167 3863 et

63 3891 145 3958 >lare
165 3890 302 3970 dicitur,
324 3892 398 3979 quie
420 3893 505 3959 fama
526 3890 661 3958 volucris
683 3899 741 3955 est
782 3884 882 3979 Musis
905 3885 1024 3950 fontem
1047 3882 1168 3969 ungula

63 3999 95 4045 ra
119 3978 246 4067 rupisse
266 3977 400 4055 dicitur,
433 3978 521 4046 unde
553 3988 587 4044 et
608 3982 725 4064 poetae
752 3971 881 4049 bibunt,
921 3969 995 4056 quia
1031 3969 1166 4036 heroum

63 4086 155 4131 unam
180 4069 297 4151 poetae
318 4063 482 4133 materiam
511 4060 676 4133 scribendi
697 4062 825 4127 habent.
880 4053 1066 4123 Secundum
1088 4077 1167 4155 non·
1220 4081 1223 4086 ·

63 4148 139 4215 ulios
169 4162 277 4216 tamen
306 4149 456 4238 Pegasus
481 4147 567 4237 sons
598 4160 762 4215 aeternus
790 4143 1039 4232 interpretatur,
1076 4151 1114 4237 et
1136 4157 1219 4232 mas

63 4257 146 4324 gara
177 4234 350 4323 sapientiae
383 4238 525 4326 ponitur.
585 4235 667 4306 Ideo
701 4240 888 4326 pennatus,
921 4226 1005 4315 num
1032 4228 1204 4305 samem
