2684 4606
451 177 806 245 ..annosarum
893 220 894 227 ι
994 168 1002 178 ’
1137 186 1205 243 ιιιιι

129 355 212 436 lx..
248 348 408 455 “Atque
438 378 506 458 ego
536 316 679 465 quidem
710 358 750 432 in
782 287 1036 452 annuento,
1079 354 1204 433 distin·
1298 343 1318 411 f

56 459 222 563 qnando,
266 458 499 562 plurimisque
534 460 671 535 mendis
702 458 896 561 purgando
933 468 1006 567 tam
1044 462 1233 560 copiosus·

55 562 259 638 tabularum
275 559 399 658 libros,
425 589 499 639 non
518 563 697 639 modicum
714 561 872 639 laborem
890 561 1041 662 pertuli:
1071 561 1208 637 scholia
1319 592 1320 601 ι

54 678 173 741 tamen
188 656 277 736 'm‘ea
300 663 399 738 nulla
428 660 682 767 propemodum
705 663 847 763 addidi,
880 690 927 740 ne
951 663 1078 738 molem
1103 664 1206 739 volu·
1303 694 1305 699 ·

54 769 159 864 minis
193 765 299 839 nimis
331 790 522 869 augerem:
564 765 668 867 cnjus
701 769 759 842 rai
783 767 896 868 gratia
927 768 1072 841 minutis
1102 769 1207 842 etiam
1238 801 1250 825 v

53 873 149 972 typis
174 893 263 942 usus
287 862 390 964 snm,
423 871 613 970 quominus
639 869 797 944 chartam
822 872 1040 942 innumeram
1062 869 1207 957 lectori-
1287 954 1291 966 s

54 971 124 1048 bus
150 972 241 1044 meis
264 967 475 1070 objicerema
510 998 601 1072 qnos
625 975 731 1046 etiam
756 970 845 1045 illud
869 996 942 1046 non
971 963 1114 1064 celabo,
1148 997 1209 1047 mc
1286 994 1288 999 ·

54 1073 223 1150 videlicet
260 1071 443 1172 complura
478 1073 815 1175 mytbograpbornm
852 1070 991 1148 borum-
1008 1070 1205 1171 vocabula,

54 1203 171 1278 quae,
216 1184 258 1248 ut
288 1173 331 1248 lit
361 1177 401 1247 in
435 1174 576 1250 ethnica
608 1174 846 1276 mythologie,
890 1173 1028 1274 pudicis
1061 1173 1208 1266 auribus

54 1279 249 1381 ingratiora
273 1275 505 1372 accidissent,
538 1276 786 1378 enpbemismis
813 1279 1081 1351 commutavisse
1114 1281 1208 1352 “ut-

17 1428 21 1439 ·
55 1405 211 1480 cumque
234 1378 414 1470 fes-antea
436 1379 510 1454 fata
534 1374 752 1455 minoresss',
789 1373 992 1453 Auctornm
1016 1377 1112 1478 apud
1139 1376 1209 1454 bos
1295 1451 1298 1467 ,

19 4398 31 4578 l

54 1479 335 1584 mytbcgrapbos
364 1481 617 1581 appellatorum
645 1479 835 1582 syllabam·
849 1482 994 1579 scripsi:
1028 1479 1209 1555 latinitatis

56 1597 176 1660 maren
200 1608 294 1657 nova
317 1582 504 1675 vocabula,
530 1609 625 1684 qnae
641 1585 791 1684 sparsim
813 1580 991 1677 videbam,
1018 1581 1237 1683 philologis,

56 1714 100 1762 ac
133 1675 394 1786 lexicograpbis
433 1685 630 1787 colligenda
667 1687 834 1785 permisi:
877 1711 900 1758 a
938 1683 1069 1785 quibus
1105 1687 1211 1761 etiam
1326 1711 1328 1715 ’

57 1789 275 1864 scholiorum
313 1786 360 1859 ad
376 1826 378 1831 f
396 1786 463 1862 bos
499 1771 777 1889 mytbograpbos
816 1798 1022 1886 apparatum
1058 1785 1209 1863 subinde
1278 1810 1289 1839 -·

58 1888 343 1968 concinnandum
365 1915 533 1990 auguror.
586 1891 733 1963 Interim
755 1889 876 1964 laetari
897 1888 1001 1984 licet',
1034 1888 1131 1988 quod
1153 1888 1210 1964 bis

59 2021 81 2068 a
102 2018 161 2068 me
184 1990 366 2069 codicibus
380 1993 515 2087 editis,
550 2001 624 2066 tres
647 1989 809 2093 insignes
829 1990 1105 2092 mythograpbos
1126 1992 1210 2093 Hy-

58 2098 203 2200 ginum,
230 2093 440 2191 Placidum,
467 2106 504 2168 et
518 2093 726 2189 Leontium,
754 2093 989 2193 adquisivisse
1008 2094 1210 2182 videmur.”
1303 2145 1305 2153 ι

131 2198 189 2272 Χ.
227 2196 412 2270 “Praeter
439 2194 508 2270 bos
535 2195 649 2271 bonos
682 2206 720 2269 et
751 2197 940 2290 classicos,
976 2195 1040 2271 alii
1065 2208 1233 2296 quoqne·
1292 2199 1294 2203 ’

59 2312 143 2376 snut
184 2295 406 2373 barbariores
450 2301 490 2372 in
531 2301 691 2372 vaticana
733 2292 947 2373 bibliotheca
986 2324 1022 2372 m
1087 2300 1207 2400 clegi:
1250 2355 1253 2362 a
1324 2356 1328 2363 s

60 2428 150 2504 quus
175 2402 270 2474 inter
293 2399 436 2503 quidam
460 2400 557 2475 band
581 2399 834 2500 paenitendus,
872 2424 941 2474 nec
965 2399 1024 2473 val
1048 2428 1068 2475 c
1093 2384 1212 2475 tamen

60 2507 250 2604 antiquus,
277 2503 456 2578 ovidianas
477 2503 662 2604 plerasque
684 2501 822 2576 fabulas
845 2501 993 2576 diversis
1017 2529 1038 2575 a
1060 2502 1211 2578 Placido

60 2603 321 2682 narrationibus
343 2616 458 2680 ornat.
512 2604 668 2682 conradi
684 2612 863 2705 praeterea
886 2605 1213 2707 canonicitiqurini

62 2707 319 2811 mythologium
339 2707 496 2809 amplum
515 2708 759 2807 eruditumque
775 2706 934 2808 legebam
952 2707 1093 2783 saeculo
1110 2709 1212 2784 XIII

58 2813 318 2989 Ἑηιιῗίῑιιιιι,
354 2810 442 2934 luce·
465 2822 590 2934 autem
608 2836 801 2985 numquarln
832 2809 1014 2933 donatum.
1075 2811 1239 2960 bleranax

65 2939 516 3115 (Ιοιιιίιιιιθιῗέιῖιιιιῗῇιιῗᾶθίίοῑιιῃὲἱ).ΠΒ
526 2911 1215 3116 IldvubrnpblalbledddtsteldpvlblullwllIarttlbi

64 3117 283 3194 bracarensis
308 3120 482 3218 episcopi,
512 3120 576 3221 qni
599 3117 741 3193 saeculo
760 3119 818 3195 VI
838 3117 975 3213 floruit,
998 3118 1239 3218 ‘opusculum'

52 3223 111 3295 'dc
143 3222 285 3321 oriqine
317 3221 519 3316 idolorum,
548 3220 645 3321 quod
676 3222 715 3294 in
740 3221 899 3322 Reginae
926 3245 1051 3295 svecae
1075 3233 1214 3298 vetusto
1271 3270 1276 3280 ·

67 3323 189 3399 codice
219 3349 243 3396 a
273 3349 331 3397 me
360 3322 514 3419 lectum,
559 3334 596 3397 et
626 3349 708 3397 cum
740 3323 890 3398 editione
921 3309 1071 3397 Floresii
1099 3325 1210 3423 Hisp.

68 3450 159 3501 sacr.
188 3426 241 3499 Τ.
255 3425 332 3500 XV
362 3451 401 3525 p.
414 3423 499 3500 425
530 3436 791 3526 comparatum,
825 3429 897 3499 tam
921 3426 1058 3499 varium
1082 3428 1210 3527 reperi,

67 3528 102 3603 id
124 3538 180 3604 est
200 3538 274 3600 tam
299 3540 502 3628 corruptum
522 3531 561 3602 iu
583 3529 751 3623 editione,
783 3538 855 3602 tam
878 3529 917 3602 in
943 3527 1064 3602 codice
1085 3554 1214 3629 purum

69 3641 172 3731 atque
205 3632 405 3727 sincerum,
447 3642 488 3704 nt
516 3631 631 3706 denuo
649 3632 680 3730 *)
713 3633 809 3732 typis
839 3632 1038 3729 imprimere
1070 3657 1215 3720 necesse

69 3732 185 3808 luerit.
239 3731 382 3807 Etenim
401 3733 582 3821 Floresius
603 3744 639 3808 et
659 3734 820 3833 opusculi
837 3734 1078 3831 prohoemium
1094 3737 1214 3811 nescio

70 3860 139 3936 quo
167 3860 257 3910 casu
284 3838 421 3932 ambit,
455 3848 491 3911 et
516 3840 632 3937 ipsum
662 3838 791 3937 passim
821 3846 955 3910 textum
984 3835 1097 3912 foedis
1126 3839 1215 3915 adeo

70 3937 302 4039 tm'pibusquc
327 3939 463 4013 mendis
485 3941 705 4040 inquinatum
730 3939 844 4033 dedit,
882 3930 1078 4040 cujusmodi
1103 3968 1149 4016 ne
1176 3943 1216 4016 in

71 4042 182 4117 tirone
207 4040 371 4142 quidem,
397 4041 526 4117 nedum
548 4043 588 4116 in
610 4054 708 4119 tanto
730 4042 923 4117 litterarum
946 4041 1073 4141 beroe,
1101 4069 1215 4154 aequo

131 4279 162 4373 ⁶)
190 4277 267 4349 Huc
288 4275 426 4349 Martini
445 4274 649 4371 procamium
672 4286 783 4347 ucstm
805 4275 907 4344 editio
929 4298 998 4346 non
1020 4279 1158 4372 recepit.
