2684 4606
76 198 168 255 ,rur
231 157 236 181 ²
440 223 444 228 -
530 162 837 257 rnooamrcus
887 153 928 195 ⁹

102 369 267 451 universo
284 366 579 468 Hyginomanus
596 370 736 467 intulit,
768 393 920 469 eumque
938 364 985 445 ad
1004 368 1251 470 compendium

49 524 51 529 -
103 469 271 566 contulit,
298 482 340 544 nt
359 470 452 546 idem
470 471 637 547 Bartlrins
659 472 724 547 lib.
738 472 897 568 XXIII,
917 467 967 546 II
991 473 1248 573 suspicabatur.

103 572 269 671 „stilus
296 574 422 673 inquit,
450 564 591 650 Placidi
607 576 806 650 simillimus
823 586 876 650 est
894 571 1016 649 earum
1034 575 1251 670 fabularum,

102 702 231 777 „quae
252 674 359 778 vulgo
384 678 533 778 Hygino
558 676 824 773 adscribuntur,
856 676 922 752 scd
945 678 1066 778 utique
1087 680 1126 752 in
1152 704 1252 755 com·

101 777 364 978 tttlt'tt
386 780 800 986 tttttttrtlttt‘
816 779 1260 984 tt‘ottnlffttnl

103 1010 227 1079 „nare
259 983 504 1060 adsueverat.’'
563 982 716 1061 Accedit
747 988 757 1006 ⁸
836 986 912 1061 veri
936 985 1128 1061 similitudo
1153 985 1252 1086 quod

40 1135 43 1143 -
101 1085 148 1159 ad
182 1085 335 1161 Statium
366 1088 538 1164 Placidus
568 1089 677 1163 nullis
710 1089 850 1188 saepius
884 1084 1088 1163 auctoribus
1123 1092 1251 1183 utitur,

42 1252 60 1283 .-
102 1213 209 1288 qnam
240 1190 414 1290 Virgilio,
453 1192 627 1286 Horatio,
671 1200 779 1290 atque
809 1189 982 1286 Lucano,
1028 1188 1068 1263 id
1099 1184 1194 1292 qnod
1228 1215 1252 1265 a

42 1326 45 1333 ¹
100 1289 231 1387 nostro=
248 1317 388 1392 quoquc
414 1288 671 1395 mytbograpbo
698 1293 894 1367 factitatum
918 1291 1094 1366 videmus.
1154 1295 1252 1367 Rem

84 1416 198 1468 ‘nunc
228 1394 399 1493 prolixius
429 1404 556 1496 mpero
582 1422 655 1470 non
684 1394 791 1491 libet3
831 1393 896 1468 sed
925 1394 1016 1469 illud
1041 1397 1160 1494 potius
1185 1393 1250 1468 ad·

25 1550 28 1562 .
100 1494 251 1570 monebo
273 1495 442 1592 lectores,
469 1524 527 1572 me
549 1497 689 1575 Placidi
710 1523 851 1598 quoque
871 1495 1011 1596 glossas
1033 1522 1079 1571 ex
1091 1509 1249 1607 ⁴quatuor

101 1612 174 1673 vat.
193 1597 389 1695 codicibus,
417 1626 629 1699 quamquam
648 1599 719 1673 heu
737 1597 1027 1694 mendosissimis,
1052 1597 1251 1698 vulgandas

102 1702 301 1794 censuisse,
338 1726 488 1801 quarum
517 1712 599 1774 ante
626 1699 693 1775 bos
721 1725 832 1773 anuos
857 1698 1053 1776 Mediolani
1081 1698 1258 1774 brevissi·¹

100 1816 197 1875 mum
218 1803 394 1900 specimen
414 1828 496 1876 cum
510 1802 690 1877 Frontone
710 1800 804 1876 edidi
819 1799 864 1899 ¹⁸).
916 1799 1014 1875 Sane
1031 1800 1097 1874 bas
1111 1800 1257 1900 glossas-

100 1902 228 1976 cruditi
252 1902 411 1979 homines
436 1906 476 1978 in
498 1931 584 1978 mss.
612 1903 697 1978 olim
721 1901 885 1977 viderunt
913 1914 1020 2002 atque
1043 1902 1247 2000 laudarunt,

100 2005 210 2079 veluti
232 2005 334 2079 Frid.
363 2005 570 2106 Tiliobroga
594 2003 707 2106 prael.
735 2002 782 2079 ad
807 2003 983 2101 Statium,
1009 2014 1053 2079 'et
1076 2003 1250 2081 Boethius

26 2111 29 2114 ’
100 2105 191 2201 adr.¹
206 2100 345 2198 XXII,
373 2105 429 2182 22
441 2137 454 2206 3
490 2108 648 2183 Isidorus
671 2116 787 2182 numm
812 2105 859 2182 de
883 2105 961 2181 diff.
978 2103 1123 2184 verbor.
1151 2104 1249 2211 §9¹9

99 2207 273 2310 pleniores
296 2209 416 2284 'adbuc
440 2208 604 2308 babuisse
627 2207 807 2285 videtur.’'

176 2312 246 2388 lv.
288 2313 485 2415 “Reginae
517 2322 678 2388 vetustus
711 2310 823 2387 codex
856 2310 896 2385 in
930 2307 1052 2385 fabula
1083 2309 1249 2391 CXLVI

100 2413 246 2488 mutilus
274 2426 368 2511 erat,
403 2413 541 2491 duobus
566 2417 704 2490 amissis
731 2414 839 2490 foliis.
899 2412 1033 2489 Iterum
1061 2414 1101 2487 in
1125 2414 1247 2489 fabula

100 2513 184 2591 Glc
234 2516 362 2592 lacuna
403 2530 502 2614 erat,
563 2544 669 2621 qnam
715 2517 938 2591 amanuensis
989 2518 1127 2614 priscus
1174 2544 1249 2592 non

100 2617 366 2694 animadvertit:
401 2623 529 2697 etenim
558 2623 597 2695 in
624 2619 755 2694 codicis
783 2616 899 2692 media
929 2620 1057 2719 pagina
1078 2614 1134 2691 70
1165 2631 1250 2719 post

98 2719 206 2794 verba
239 2722 389 2821 Trojnm
414 2750 459 2797 cx
484 2724 675 2822 imprecato
700 2720 817 2811 vena,
846 2716 969 2793 eodem
993 2745 1097 2793 uersu
1123 2745 1248 2797 eonse-

98 2824 221 2921 quitur
251 2848 298 2898 cx
335 2823 497 2899 Vulcani
526 2850 634 2896 mauu
663 2822 869 2925 fabricato,
907 2844 998 2920 qnae
1026 2832 1111 2895 sunt
1138 2823 1248 2899 verba

97 2916 239 3001 Iabulae
272 2923 386 3001 CCV.
462 2926 589 3025 Itaque
623 2948 739 3023 neque
771 2920 911 2996 fabulas
948 2923 1103 3022 quinque
1137 2925 1248 3001 inter·

99 3038 239 3126 ceptus,
279 3029 611 3128 neque-sententiae
641 3025 776 3100 hiatum
802 3023 967 3098 librarius
992 3027 1115 3101 sensit.
1181 3028 1247 3105 Mc

98 3156 183 3202 vero
218 3130 282 3203 etsi
317 3140 442 3203 nenda
475 3129 604 3204 lacum
638 3128 762 3224 latuit,
813 3151 894 3226 spes
928 3135 1046 3202 tamma
1082 3128 1246 3230 explendi

98 3230 326 3326 destituebat,
364 3235 447 3331 quia
471 3231 608 3332 plenior
633 3228 745 3305 codex
767 3256 840 3304 non
866 3229 1084 3329 suppetebat.
1146 3232 1245 3307 Ecce

82 3342 213 3408 'autem
230 3333 329 3433 lapso
345 3345 426 3432 post
441 3331 738 3435 mptbograpbnm
754 3335 963 3430 impressum
980 3358 1073 3407 anno
1095 3330 1244 3434 (tamdiu

47 3532 59 3541 ,
98 3437 191 3511 enim
212 3435 295 3510 libri
317 3436 503 3513 editionem
525 3434 682 3537 distuli),
715 3435 800 3545 dum
824 3435 995 3537 quosdam
1015 3438 1244 3540 monasterio·

96 3565 177 3612 rum
208 3541 440 3614 extincturum
473 3537 614 3613 codices
647 3540 686 3611 in
716 3539 877 3635 vaticam
906 3535 1117 3612 bibliotheca
1144 3554 1243 3617 extra

97 3639 256 3714 brdinem
290 3641 480 3716 collocatos
515 3639 608 3716 forte
645 3641 877 3740 inspicerem,
926 3637 1130 3733 cbadaceus
1166 3669 1242 3717 sese

96 3739 223 3816 obtulit
234 3743 374 3819 saeculo
385 3745 463 3820 XV
477 3745 631 3843 scriptus
646 3742 770 3838 codex,
793 3743 856 3842 qui
869 3742 962 3814 inter
973 3739 1041 3814 alia
1055 3743 1241 3840 opuscula,

95 3843 290 3918 secundum
307 3871 449 3947 quoqne
464 3844 773 3947 mythograpbum,
800 3844 867 3918 etsi
885 3868 996 3941 aeque
1013 3871 1241 3944 anonymum,-

96 3945 316 4022 continebat:
353 3974 459 4049 quem
483 3974 551 4050 ego
581 3950 697 4023 statim
722 3972 804 4021 cnm
828 3947 988 4046 Reginae
1017 3957 1154 4022 vetusto
1182 3972 1240 4024 co·

96 4047 174 4124 dice
198 4060 234 4125 et
259 4075 341 4124 cum
365 4050 457 4127 libro
483 4078 560 4128 meo
588 4059 851 4152 comparatum,
885 4074 1061 4161 nusquam
1087 4052 1239 4151 comperi

87 4366 90 4371 Ι
125 4282 168 4369 <’)
199 4284 379 4354 Omisimus
401 4286 527 4359 Placidi
550 4289 675 4381 glossas
698 4312 717 4356 a
738 4285 828 4375 lllajo
851 4281 967 4354 editas.
