2684 4606
13 203 17 212 ·
70 160 174 295 ,uu
217 168 236 185 ”
350 154 354 160 ’
496 199 603 260 onrrs
640 200 867 260 nuscanum.

108 366 214 438 secuti
235 373 314 435 sunt
330 361 513 441 Manethon
533 388 571 432 ac
639 365 706 432 tius
726 387 787 454 pro
836 375 887 432 eta
905 362 932 456 1)
953 374 988 433 et
1006 363 1102 455 Apol

61 508 64 514 .
106 454 262 523 similiter
279 451 565 543 Aegyptiorump
591 452 763 542 'osophns
820 496 830 534 ,
859 451 1019 545 Iosephus
1050 477 1103 543 qna

107 540 240 631 sapiens
270 537 481 604 ludaeornm'
498 547 693 629 praeceptor
716 536 769 627 ⁵),
804 537 863 628 qui
901 547 1017 627 captus
1045 561 1066 603 a
1100 537 1103 604 j

59 624 61 632 ’
107 625 242 716 scripsit
276 623 444 690 iudaicnm
487 623 625 691 bellum.
679 622 762 689 Post
794 624 875 689 istos
893 621 924 712 4)
962 644 1042 694 vcro
1076 621 1104 689 h

108 711 285 804 ephesius,
319 719 353 775 et
374 708 564 776 Herodotus
595 720 629 778 ct
655 707 869 798 Thucydides
899 708 1021 775 similia
1053 731 1104 775 cor

106 808 204 882 runt,
232 796 292 863 sed
322 816 392 862 non
420 795 516 862 valde
552 796 593 862 de
626 795 785 900 antiquis.
840 795 885 861 Et
915 795 996 862 haec
1027 795 1105 885 quid

14 922 39 949 ,ι
107 884 179 976 Ego
200 892 309 949 autem
331 881 372 947 dc
394 881 518 971 quihus
546 892 717 949 memoratr
750 880 980 972 scripserunt,
1014 905 1105 974 expe:

14 1039 16 1048 ,
44 1059 50 1065 ν
104 969 258 1038 breviter
273 989 452 1060 exponere.
478 988 482 998 ·

189 1101 227 1172 Β.
272 1097 399 1167 Gentes
424 1096 519 1163 aiunt
549 1119 622 1163 esse
643 1095 893 1185 Camarinorum
914 1098 950 1167 in
971 1098 1105 1188 partibo

108 1188 174 1271 tis,
193 1185 290 1252 cuins
311 1195 432 1255 terram
450 1181 592 1272 Moyses
609 1182 706 1250 Eden
727 1183 927 1250 nominando
948 1185 1108 1276 descripsi

107 1283 143 1342 et
159 1272 281 1339 fluvius
303 1270 466 1338 maximus
481 1267 579 1335 'exire
602 1269 747 1354 dicitur,
777 1281 811 1336 et
841 1269 945 1337 dividi
974 1271 1011 1336 in
1032 1283 1108 1363 quat

107 1359 228 1445 mina,
250 1380 391 1448 quorum
413 1354 553 1422 uomina
585 1367 663 1423 sunt
684 1359 765 1422 haec
794 1355 910 1440 Geon,
944 1355 1094 1442 Phison,

110 1455 145 1513 et
164 1444 357 1548 Euphrates
368 1442 408 1535 ⁵)*.
445 1440 506 1508 Isti
516 1449 625 1507 autem
649 1441 814 1526 homines,
839 1443 898 1531 qui
916 1443 1110 1531 praedictam

109 1531 314 1616 inhahrtant,
336 1539 415 1597 sunt
432 1528 528 1595 valde
549 1526 600 1630 pii
621 1539 655 1595 ct
674 1528 775 1611 honi,
808 1539 890 1631 aput
934 1552 994 1594 uos
1015 1531 1110 1596 nulla

57 1677 59 1686 .
108 1616 276 1685 invenitur
295 1630 407 1708 neque
429 1636 576 1705 corpores
605 1638 715 1704 neque
744 1613 858 1681 anima.
907 1553 944 1691 gi
966 1613 1096 1706 aliquid

107 1703 175 1772 tius
195 1703 344 1787 discere,
377 1700 493 1773 dicunt
513 1722 571 1766 cos
587 1787 590 1794 .
604 1701 695 1790 qnod
712 1706 934 1791 nequepane
950 1702 1014 1768 hoc
1034 1713 1113 1769 nost

21 1830 24 1844 ·
107 1792 202 1859 muni
225 1799 379 1872 utantur,
412 1809 475 1859 nec
498 1785 619 1888 aliquo
643 1786 754 1853 simili
784 1784 883 1869 cibo,
913 1810 976 1855 nce
993 1787 1114 1891 ‘ignei

13 1884 49 1950 ”,
80 1875 252 1962 *ntimnrq
288 1875 349 1942 sed
399 1894 495 1937 anem
548 1872 659 1967 mdcm
687 1872 737 1939 cis
765 1872 841 1961 plui
857 1873 887 1964 fi)
913 1897 975 1963 per
1003 1875 1114 1968 smgul

107 1968 283 2045 asserunt,
319 1968 360 2032 et¹
375 1895 496 2024 libere
524 1895 567 2023 de
588 1958 709 2061 agresti
738 1957 838 2023 melle
861 1970 894 2024 ct
913 1958 1042 2049 pipere.
1087 1961 1115 2053 lq

108 2057 176 2115 tem
195 2069 311 2123 eorum
332 2044 413 2123 solis
434 2058 509 2123 csse
529 2043 724 2137 perhibetur
745 2043 955 2147 flagrantiae,
977 2056 1014 2112 ut
1034 2048 1116 2113 statii

30 2146 55 2161 ’“
109 2157 129 2200 e
153 2132 244 2201 caelo
263 2130 299 2199 in
320 2141 441 2198 terram
463 2128 680 2213 diffunditur,
705 2140 894 2220 potuissent
915 2155 1029 2197 omues
1052 2157 1117 2199 oxu

42 2247 45 2255 ·
109 2243 147 2286 se
165 2218 232 2288 cito
253 2218 289 2285 in
311 2217 449 2284 flurium
469 2215 663 2299 mitterent,
678 2215 716 2283 in
761 2240 803 2282 uo
825 2217 950 2283 tamdiu
972 2218 1118 2286 volume

108 2328 172 2373 nec
194 2305 283 2383 idem
303 2302 392 2395 ignis
414 2302 450 2368 in
479 2302 591 2368 locum
621 2324 719 2368 suum
772 2326 858 2369 euuo
887 2314 1080 2371 revertatur.

83 2422 87 2431 ·
109 2401 218 2459 autem
240 2400 275 2459 et
292 2391 368 2457 sine
386 2387 527 2479 imperio
547 2398 651 2455 semet
672 2388 763 2480 ipsos
783 2400 952 2480 regentes3
970 2390 1010 2456 ln
1032 2391 1119 2481 quihr

106 2664 108 2671 .
182 2616 213 2689 a)
249 2615 316 2671 cod.
332 2613 501 2687 Apolliniuo.

183 2708 215 2775 1)
251 2707 355 2777 Nempe
372 2708 505 2762 sacerdos.
541 2707 587 2761 Sic
605 2706 673 2761 euim
689 2706 863 2774 loquebantur
881 2705 1014 2778 Aegyptii.
1050 2698 1121 2763 vide

64 2796 66 2801 ·
113 2782 213 2833 saturn.
230 2779 298 2845 vll,
324 2781 376 2845 1³3
399 2781 482 2835 ciem.
506 2779 576 2835 alex.
601 2779 874 2846 stron.1,14.15;
899 2781 989 2834 Laert.
1009 2779 1056 2833 iih.
1075 2779 1116 2835 ΠΙ

114 2851 205 2906 Valet.
224 2850 332 2905 de‘reh.
350 2853 427 2909 hier.
452 2851 496 2906 lib.
514 2851 567 2917 ΙΙΙ,
584 2855 631 2908 92.

182 2940 215 3010 2)
252 2941 317 3014 Siue
340 2941 420 2996 dubio
445 2941 599 3011 Apollonius
623 2941 668 2995 iile
692 2942 848 3011 aegyptius,
871 2939 986 2995 chronici
1004 2941 1125 2997 cuiusdan

114 3025 192 3081 quem
209 3018 343 3066 auctorem
362 3013 403 3068 bis
420 3019 607 3069 commemorat
623 3012 783 3083 Theophilus
810 3013 844 3067 ad
870 3014 993 3080 hutoiye.
1011 3015 1055 3068 lib.
1075 3015 1126 3083 ΙΙΙ,

91 3116 99 3138 ι,
113 3084 210 3152 quique
227 3084 328 3150 aiebat,
354 3091 443 3141 aetate
464 3100 513 3139 sua
536 3087 588 3140 iam
613 3087 745 3141 effluxisse
769 3092 830 3154 post
856 3087 946 3138 orbem
970 3087 1104 3140 conditum

112 3171 239 3210 annornm
262 3154 424 3242 qundecim,
450 3144 491 3211 ‘et
515 3154 582 3210 tria'
598 3159 679 3212 miliia
710 3173 789 3226 supra
818 3159 984 3226 septuaginta
1010 3160 1127 3232 'quinque

35 3287 37 3293 ¹
115 3229 207 3281 Ταῦτα
226 3229 273 3291 μὶν
297 3247 358 3294 avr,
386 3229 471 3298 inquit
486 3227 666 3301 Theophilus,
681 3222 857 3288 Ἀπολλώνιος
878 3223 893 3280 o‘
911 3224 1046 3298 αῖγύπτιος
1062 3229 1128 3305 ἕστο.

81 3378 85 3389 Ι
184 3319 217 3388 3)
253 3320 342 3388 Vulgo
359 3319 497 3381 rabbinus.
1110 3333 1114 3338 '

59 3465 61 3470 s
185 3408 217 3477 4)
254 3409 357 3479 Nempe
374 3417 435 3482 post
452 3411 564 3480 Moysen
592 3418 627 3466 et*
641 3412 786 3478 Berosum3
810 3428 871 3466 uam
895 3413 978 3467 ceteri
1000 3412 1124 3469 adseclae

113 3480 217 3536 iliorum
235 3479 349 3536 luemut.
383 3483 478 3551 Neque
495 3485 641 3539 Menander
657 3493 717 3556 post
739 3484 879 3556 losephum
904 3485 968 3550 iuit3
998 3487 1094 3540 etenim
1111 3502 1130 3541 a

113 3552 210 3615 citatur
226 3552 273 3607 lib.
290 3553 319 3620 Ι,
338 3557 373 3608 18
397 3561 488 3610 contra
511 3552 646 3626 hpiouem.

184 3643 217 3712 5)
253 3644 329 3700 Haec
346 3645 380 3700 de
397 3646 477 3700 saeris
501 3647 588 3700 bibliis
610 3652 762 3711 acmantum
788 3645 925 3713 sequentia
951 3661 1014 3700 vero
1037 3648 1079 3700 vei
1103 3647 1132 3705 lt

114 3717 243 3784 corruptis
262 3717 459 3782 traditionibus,
477 3720 520 3773 vel
540 3719 642 3789 patim,
659 3725 690 3773 ut
707 3724 796 3772 noster
811 3719 894 3772 innuit
911 3720 937 3782 in
956 3718 1124 3790 prohoemio,

115 3801 176 3840 roso
193 3790 392 3859 consecutioque
408 3789 538 3845 historicis
555 3789 662 3846 ethnicis
679 3791 721 3844 vei
739 3789 875 3844 fabulosis.

113 3877 217 4000 mag?
252 3878 344 3948 Imago
376 3886 480 3953 sumpta
500 3881 539 3965 ‘de
564 3881 646 3936 sacris
676 3879 770 3936 bibliis.
811 3881 970 3952 iutelligitur
993 3887 1080 3936 autem
1111 3881 1135 3985 dp

48 4090 53 4095 ,
131 4091 134 4095 ,
183 4037 215 4105 τ)
252 4037 322 4097 iiiuc
338 4040 430 4112 lneipit
443 4054 556 4110 qmecns
575 4041 719 4110 latinusque
736 4045 824 4095 textus
842 4058 858 4094 a
875 4041 1039 4099 Gothoiredo
1056 4041 1136 4099 editu

114 4123 161 4161 eus
178 4109 299 4176 quidem,
321 4120 352 4166 ut
368 4114 485 4180 udam,
504 4115 650 4182 originalia
668 4113 747 4168 latina
764 4119 852 4167 autern
872 4114 1052 4184 interpretatio
1070 4121 1136 4170 tam·

101 4185 324 4319 ptpppncorrupta,
342 4192 447 4257 tamque
465 4186 499 4240 ah
518 4185 566 4240 hoe
584 4193 675 4253 uostm
692 4189 768 4241 textu
785 4186 895 4254 diversa,
912 4192 942 4241 ut
955 4185 1017 4242 nihii
1033 4182 1138 4243 disnnil
