2684 4606
124 172 216 251 xum
351 190 360 205 ⁸
439 147 443 154 ’
501 188 613 297 ,Plffls
639 188 873 251 nnscmrno.
1163 142 1180 259 ⁵.

127 362 195 445 ait,
217 383 256 427 co
303 358 413 425 omine
431 357 558 447 Byrsa,
593 359 705 426 idest
733 361 873 429 corium.
923 360 1015 427 llaec
1049 354 1179 453 dispod

29 490 33 501 ·
126 448 221 515 valde
248 445 484 538 goriosissima
506 455 653 528 constat,
685 471 769 538 quac
798 448 833 514 in
863 445 1044 529 directione
1066 449 1178 525 vicort

125 536 308 627 platearum
329 530 523 621 aequalibus
551 531 651 598 lineis
670 557 828 621 currens,
859 557 1012 624 magnum
1034 534 1145 601 adhuc
1170 540 1177 611 l

125 621 244 689 omnia.
269 616 526 689 bonumhabet
551 617 733 722 inportu,
769 620 829 710 qni
857 619 1042 687 securitatis
1063 631 1116 687 est
1136 618 1177 715 pl

126 701 159 778 et
178 728 265 775 novo
285 704 360 772 visu
379 694 581 793 Neptnnnm'
594 727 666 769 sme
693 705 810 771 timore
832 705 971 785 nauibus
992 717 1163 795 praestare

40 834 42 851 ι
126 807 192 861 tnr.
238 791 458 879 Praecipuum
491 796 569 857 vero
603 789 694 857 aliud
715 792 752 857 in
785 816 823 858 ea
855 816 940 882 opus
971 792 1124 861 merenies
1160 816 1175 887 1

124 906 221 965 eum,
253 878 364 945 vicum
392 900 410 941 a
469 876 662 945 ntariorum.
722 877 797 945 Hoc
826 888 935 955 autem
968 879 1004 945 in
1034 903 1072 944 ea
1103 880 1175 973 culp

31 1018 33 1023 -
123 964 323 1058 repperitur,
347 985 412 1053 qno
456 963 660 1029 contentiose
684 962 784 1031 nimis
801 974 949 1054 spectant
974 964 1027 1056 1)..
1058 965 1174 1054 Ipsae

28 1117 32 1123 .
106 1057 217 1145 ¹regio
242 1050 378 1116 Africae
400 1057 450 1114 est
469 1048 564 1119 valde
591 1049 696 1133 bona,
714 1050 806 1117 dives
828 1062 861 1117 et
888 1051 1017 1141 ampla:
1039 1052 1174 1121 homins

123 1152 190 1208 tem
217 1137 372 1227 indignos
404 1132 530 1203 liabens
559 1134 703 1225 patriae=
737 1136 846 1207 dolosi
877 1137 965 1205 enim
996 1161 1069 1204 esse
1100 1138 1173 1205 dicu

123 1227 187 1293 alia
209 1223 344 1316 quidem
365 1219 535 1305 dieentes,
555 1231 589 1287 et
608 1221 672 1287 alia
693 1222 873 1308 facientes,
894 1223 974 1289 lieet
995 1223 1084 1291 inter
1105 1224 1173 1315 plm

122 1313 226 1381 malos
256 1308 355 1401 pauci
380 1306 480 1377 boni·
492 1306 623 1401 possint
648 1307 787 1374 forsitan
819 1309 974 1377 inveniri.
1145 1380 1151 1387 ,

181 1416 263 1483 ·38.
315 1410 447 1479 Deinde
487 1420 565 1503 post
586 1434 730 1489 ,onmem
749 1408 898 1480 Africae
934 1413 1105 1503 regionem
1143 1412 1171 1482 m

123 1513 210 1569 terra
239 1500 367 1567 deserta
395 1496 491 1564 valde
512 1496 671 1564 latissima
694 1499 732 1563 in
780 1498 905 1564 artibus
937 1500 1064 1581 austri,
1090 1499 1152 1567 ubi

119 1582 335 1656 barbarorum
371 1584 502 1676 gentem
536 1584 713 1734 plpssimam
748 1520 938 1679 debitore,
959 1585 1019 1677 qui
1051 1576 1170 1655 Mazie'r

119 1675 304 1764 Aethiopes
334 1666 504 1737 vocantur.
578 1681 631 1736 ost
651 1694 735 1761 quos
765 1669 1012 1761 pentapolitana
1041 1664 1169 1763 regioi

120 1772 195 1846 tur,
223 1758 351 1825 modica
377 1755 512 1860 quidem
534 1756 593 1823 sed
615 1756 707 1822 dives
728 1756 893 1822 fiuctibus
915 1767 948 1823 et
968 1758 1127 1824 iumentis
1141 1772 1166 1843 ,¹

67 1860 73 1873 “
120 1849 201 1914 duas
213 1846 313 1911 habet
333 1843 479 1913 civitates
491 1842 656 1932 antiquas,
678 1842 917 1909 Ptolemaidem
936 1853 970 1909 et
990 1844 1161 1935 Cyrenen,

119 1933 236 2002 dieunt
258 1928 435 2020 aliqnando
464 1952 632 2020 regnasse.
699 1927 782 1993 Post
815 1953 924 2019 quam·
946 1929 1047 1997 altera
1079 1954 1167 2035 prou

120 2042 205 2110 quae
225 2016 332 2105 Libya
356 2014 490 2097 dicitur,
512 2014 554 2079 ab
577 2037 694 2080 occasu
706 2013 735 2106 2)
756 2013 979 2081 Alexandriae
991 2041 1159 2106 proxnns,

118 2129 187 2172 non
205 2102 278 2169 acci
301 2103 373 2167 iens
383 2123 510 2191 aquam
529 2122 549 2164 e
571 2101 675 2183 eaelo,
697 2100 794 2189 inops
818 2113 869 2166 est
891 2102 1001 2187 valde,
1024 2113 1058 2169 et
1073 2104 1165 2172 viros

119 2186 269 2259 cissimis
310 2187 399 2271 abet,
420 2187 481 2252 sed
500 2186 621 2271 bonos,
643 2186 822 2276 prudentes
845 2198 878 2269 et
897 2188 985 2277 pios.
1036 2188 1165 2259 Unde-r

119 2279 168 2345 eis
187 2277 251 2342 lroc
273 2271 427 2341 bonum't
466 2272 554 2339 Puto
586 2273 677 2362 quod
695 2272 738 2338 alr
768 2272 952 2339 eruditione
981 2273 1093 2342 divina
1109 2276 1165 2370 ³).‘r

39 2363 46 2380 '
118 2364 196 2429 inde
226 2360 320 2428 locus
350 2358 502 2448 sequitur
535 2354 769 2425 Alexandriae.
823 2359 916 2425 Haec
946 2371 997 2426 cst
1024 2373 1136 2449 autem
1162 2392 1164 2399 ·

118 2449 209 2518 orbis
229 2457 335 2512 terrae
359 2444 561 2534 descriptio,
592 2468 694 2545 quam¹
719 2468 761 2510 ex
792 2454 885 2534 parte
905 2447 1074 2540 potuimus
1096 2474 1164 2518 enar

102 2554 108 2560 ’
203 2561 261 2627 39.
305 2556 404 2624 Nunc
421 2558 486 2624 iam
502 2557 599 2624 etiam
618 2558 659 2623 de
683 2556 802 2623 insulis
820 2581 924 2647 pauca
945 2559 1104 2628 dicamus.
1150 2566 1163 2632 l

122 2660 200 2738 ergo
222 2645 404 2711 oboriente
425 2643 727 2733 primaminsulam
747 2653 780 2708 ct
800 2645 974 2710 maximam
997 2646 1159 2752 Cyprum,

119 2758 186 2799 non
214 2741 289 2824 eget
308 2731 443 2811 alterius
462 2730 653 2835 provinciae
672 2730 708 2794 in
737 2729 791 2794 his
844 2753 905 2795 uae
940 2733 1162 2805 adsumendas

116 2843 191 2888 vem
212 2827 290 2884 sunt
308 2839 511 2883 necessaria:
543 2817 579 2881 in
602 2838 638 2881 se
664 2814 760 2880 enim
781 2753 904 2881 halem
924 2820 1033 2884 omnia
1053 2816 1162 2913 perhil

116 2907 180 2972 hoe
203 2914 255 2969 est
275 2901 366 2993 ligna
386 2901 540 2985 diversa,
560 2912 801 2989 aeramentum,
823 2904 967 2986 ferrum,
988 2906 1120 2994 picem,
1141 2913 1162 2979 li

117 3002 151 3058 et
170 2990 307 3056 restium
326 3010 443 3054 usumr
467 2997 500 3054 et
522 2980 598 3054 aliis
618 2988 731 3053 multis
749 2987 847 3054 bonis
867 2988 897 3081 a)
916 2989 1039 3057 dicitnr
1055 2997 1161 3065 habor

116 3076 247 3142 Deinde
268 3074 425 3158 Euboea,
448 3097 546 3165 qnam
567 3097 641 3139 esse
661 3074 755 3139 valde
777 3075 923 3141 nobilem
945 3078 1078 3165 ferunt,
1111 3095 1145 3151 et

116 3163 160 3229 tis
181 3160 279 3239 bonis
302 3169 460 3227 ornatam.
503 3160 585 3227 Post
610 3159 715 3249 ipsam
747 3154 873 3232 ,ins'ulas
896 3162 1055 3245 ,invenies
1086 3168 1160 3258 Gya]

117 3270 202 3339 quae
222 3248 302 3318 licet
321 3246 441 3311 multae
464 3246 544 3328 sint,
567 3269 680 3311 omnes
701 3255 809 3312 tamen
832 3273 928 3312 suum
950 3249 1093 3319 iudicem
1113 3258 1160 3325 lra'

117 3324 256 3425 quarum
274 3331 404 3422 aliquas
419 3335 457 3397 'et
480 3332 614 3425 nomine
635 3356 814 3398 memorare
836 3358 971 3400 necesse
1002 3349 1063 3404 est.

173 3505 177 3511 .
201 3447 261 3513 to.
306 3445 346 3511 ln
367 3444 483 3536 primis
505 3469 583 3536 ergo
604 3445 759 3511 erodnm
780 3468 964 3534 ponamus,
994 3449 1030 3515 in
1057 3477 1158 3542 quac¹

118 3534 257 3599 maxima
278 3532 365 3615 tuit,
394 3555 478 3621 quae
500 3531 540 3596 ab
563 3531 611 3596 ira
633 3531 700 3596 Dei
720 3531 876 3605 subversa
902 3544 952 3600 est
968 3535 1010 3627 4).
1056 3542 1097 3606 In
1119 3542 1158 3607 ha

186 3758 218 3826 1)
233 3759 354 3827 Inteltigo
372 3756 543 3836 spectacula,
567 3756 643 3829 sicuti
660 3770 739 3835 supra
757 3755 853 3811 dictum
872 3752 906 3813 de
922 3759 1154 3833 Constantinopoli.

112 3839 265 3900 expectant.

184 3918 217 4007 u)
237 3920 355 3970 Occasus
372 3917 467 3973 dieitur
484 3918 518 3974 de
535 3919 587 3974 situ
605 3918 785 3974 Alexandriae.

184 4009 217 4077 3)
235 4009 356 4078 Intelligo
374 4011 527 4079 religionem
548 4007 720 4065 martianam.

182 4103 213 4169 a)
233 4102 299 4155 Cod.
317 4101 376 4159 alia
383 4099 481 4159 multa
503 4096 581 4152 bona·

178 4192 212 4258 4)
229 4191 330 4321 Tprme
356 4197 430 4250 motu
453 4192 569 4260 seilicet,
593 4205 674 4268 anno*
689 4190 833 4248 consumit
864 4195 926 4265 imp.
953 4198 1061 4260 octavo,
1094 4200 1124 4248 ut

93 4274 148 4315 nus
173 4278 273 4322 narra.
661 4292 666 4301 ·
909 4272 919 4281 “
