2684 4606
368 113 551 272 myrhope.
577 168 649 243 ιιι.
704 165 745 239 a.
771 284 774 296 ὅ
800 167 865 241 ac.
1026 230 1029 244 .
1109 113 1193 246 aas
1308 274 1312 281 Ι

109 316 114 339 ι
298 322 301 329 ν
916 322 919 331 ι
1059 310 1063 339 t

47 371 121 432 tura
150 356 288 448 Apollini
305 367 551 436 consecrantur,
584 364 697 446 utpote
710 353 782 422 ¹deo
804 353 999 439 medicinae,
1019 376 1078 510 per
1096 377 1190 451 opem

44 446 154 512 'lrrcem
185 444 370 515 sortiuntur.
423 445 510 511 Hine
538 455 571 512 et
598 441 827 530 Aesculapius,
860 443 935 531 quia
971 467 990 509 a
1051 443 1189 511 oronidis

48 545 142 598 utero
181 530 297 598 dieitur
323 541 489 611 exsectus,
526 529 623 618 ipsius
654 529 787 615 lingitur
814 527 904 595 filius.
958 529 1190 618 Interpretatur

48 627 157 683 autem
189 615 394 719 Aesculapius
425 618 513 680 dure
530 613 685 701 jaciens.
742 616 919 681 (laesarum
948 616 1042 683 etiam
1074 614 1189 681 familia
1280 641 1290 660 ·-

48 702 124 769 ideo
152 724 246 768 saera
272 705 430 769 retinebat
457 700 624 789 Apollinis,
670 702 745 789 qnia
776 700 830 788 qui
858 700 977 787 primus
1008 700 1050 767 de
1077 718 1213 768 eorums

50 787 168 855 familia
191 789 266 869 suit,
303 800 432 853 exsecto
455 788 565 854 matris
587 784 697 853 ¹verrtre
719 797 769 852 est
789 800 987 874 procreatus.
1043 786 1139 854 Unde
1159 801 1191 854 et

50 898 71 941 a
92 872 265 939 caedendo
296 875 419 940 Caesar
450 872 555 941 dictus
590 882 656 960 est,
694 873 770 940 lieet
798 872 905 938 variae
934 873 1028 962 hujus
1056 873 1191 941 nominis

52 960 200 1029 dicantur
224 960 448 1050 etymologiae.

202 1052 215 1067 N

136 1075 188 1140 16.
230 1073 359 1142 Dicitur
377 1071 434 1139 Sol
454 1071 486 1136 in
507 1092 664 1161 oceanum
685 1073 808 1161 mergi,
829 1083 863 1140 et
889 1072 932 1139 ibi
954 1071 1089 1159 fatigata
1117 1073 1189 1140 reli·
1246 1074 1262 1112 s

55 1181 129 1225 cere
151 1159 287 1240 lumina,
320 1156 459 1246 indeque
482 1179 576 1223 mane
597 1149 879 1246 lotus‘amergere.
934 1156 1063 1226 Revera
1082 1171 1232 1244 antemio
1266 1171 1270 1196 ¹

53 1246 137 1332 ignis
158 1243 232 1311 solis
252 1269 269 1311 a
293 1268 334 1310 ua
355 1245 510 1321 nutritum
533 1242 675 1330 quodet
692 1245 853 1333 politicum
875 1244 1062 1332 figmentum
1085 1252 1192 1313 osten-

54 1332 116 1411 dit,
150 1329 239 1417 quod
272 1268 388 1397 dicitur
418 1329 565 1416 luppiter
587 1351 659 1394 cum
684 1331 799 1398 ceteris
822 1329 880 1396 diis
911 1333 952 1394 ab
984 1330 1191 1434 Aethiopibus

53 1417 94 1481 ad
117 1416 231 1504 epulas
249 1415 406 1482 invitatus.
448 1414 625 1502 Aethiopes
643 1417 725 1481 enim
751 1415 842 1505 juxta
864 1438 1018 1481 oceanum
1038 1416 1190 1495 habitant,
1331 1461 1332 1464 =

56 1502 148 1592 cujus
171 1523 255 1590 aqua
277 1502 338 1567 Vll
360 1501 554 1589 planetarum
569 1501 669 1585 ignes
700 1513 885 1588 pascuntur.
937 1502 1045 1567 Habet
1074 1502 1225 1581 fabulas
1334 1558 1337 1563 .

53 1593 186 1655 Atreum
206 1586 464 1677 etJl'hyestem
495 1605 668 1671 germanos
700 1609 797 1673 quum
834 1588 866 1652 in
897 1584 1093 1653 dissensione
1132 1588 1233 1653 sibilo

57 1695 178 1739 nocere
204 1695 268 1738 non
301 1683 453 1760 possent,
487 1671 519 1734 in
548 1671 724 1757 simulatam
758 1673 895 1758 gratiam
927 1671 1069 1740 rediisse.
1119 1673 1194 1749 Qua

53 1761 227 1827 occasione
248 1759 409 1848 Thyestes
431 1779 504 1822 cum
527 1755 615 1824 fratis
636 1778 737 1822 uxore
758 1757 939 1824 concubuit.
981 1759 1096 1826 Atreus
1118 1781 1194 1826 vero

53 1847 153 1912 lilium
178 1843 208 1911 ei
229 1842 420 1933 epulandum
442 1842 597 1944 apposuit.
653 1842 750 1918 Quod
771 1844 828 1909 Sol
859 1840 998 1932 videns„
1026 1840 1067 1911 ne
1089 1845 1194 1935 pullu·
1246 1886 1276 1897 —

57 1944 189 2010 eretur,
231 1929 367 2018 aufugit
419 1927 569 1996 Veritatis
603 1939 709 1996 autem
746 1929 833 2018 juxta
864 1930 1009 1995 Servium
1040 1931 1194 2019 tantillum
1283 1962 1286 1966 ·

55 2028 116 2084 est.
171 2018 286 2082 Atreus
307 2013 411 2104 ‘apud
443 2009 597 2104 Mycenas
637 2014 711 2080 solis
740 2015 879 2105 eclipsim
917 2015 1036 2104 primus
1065 2016 1236 2085 invenitao
1268 2056 1270 2064 ,

56 2103 122 2170 Cui
144 2100 287 2168 invidens
306 2101 406 2168 frater
428 2122 467 2166 ex
489 2101 570 2164 urhe
588 2097 735 2185 discessit
755 2114 919 2191 tempore,
942 2125 1006 2189 quo
1029 2100 1096 2186 eius
1119 2122 1194 2192 pro·

55 2190 136 2255 bata
156 2198 230 2257 sunt
253 2188 349 2254 dicta.
404 2185 492 2254 Sane
514 2185 641 2271 numina
671 2210 730 2274 pro
750 2186 827 2254 locis
848 2201 912 2254 tam
925 2189 1057 2273 ,figuras
1082 2191 1194 2264 varias,

80 2297 155 2342 uam
189 2286 222 2340 et
261 2273 389 2339 nomina
424 2271 549 2337 diversa
591 2271 774 2337 sortiuntur.
834 2271 919 2338 Nam
961 2273 1070 2362 Apollo
1109 2274 1196 2363 apud

92 2360 202 2449 elphos
224 2357 363 2427 humana
385 2356 512 2445 effigie,
538 2355 624 2444 apud
645 2357 780 2458 Lyciam
801 2356 907 2445 lupina
930 2358 1077 2446 lingitur,
1107 2360 1193 2448 apud

54 2445 164 2514 Delon
185 2466 260 2511 vero
282 2446 417 2518 sormam
438 2444 536 2509 babet
556 2442 788 2526 draconrnam„
813 2445 950 2510 Constat
964 2444 1058 2512 etiam
1081 2468 1238 2518 secun-as
1275 2520 1279 2525 ¹

56 2531 138 2598 dum
166 2532 234 2596 Por
257 2530 338 2620 hyrii
367 2528 500 2607 librum,
544 2550 639 2615 quem
676 2527 787 2592 Solem
825 2528 1007 2617 appellavit,
1042 2530 1207 2618 triplicem*
1317 2612 1319 2615 ¹

57 2640 132 2711 esse
153 2555 301 2721 Apollinis
322 2624 532 2704 potestatem,
554 2626 587 2681 et
608 2612 744 2679 eundem
768 2635 838 2679 esse
863 2614 971 2681 Solem
994 2616 1080 2705 apud
1102 2639 1197 2705 supe-

60 2725 136 2783 ros,
153 2703 309 2780 habemm
331 2712 455 2789 patrem
476 2699 508 2765 in
528 2697 633 2778 tertis,
654 2698 828 2787 Apollinem
843 2698 937 2789 ‘apud
952 2702 1091 2783 inleros;
1114 2703 1203 2785 unde¹

60 2800 97 2856 et
119 2787 218 2879 adyta
240 2788 270 2854 ei
294 2796 533 2854 consecrantur.
567 2785 649 2852 ‘Est
682 2795 789 2855 autem
805 2843 807 2848 .
822 2783 953 2875 adytum
985 2784 1116 2856 interior
1150 2789 1198 2856 vel

60 2875 223 2965 subterior
244 2876 318 2978 pars
341 2871 449 3024 templi
480 2871 565 2938 dictu
600 2888 660 2958 per
680 2871 892 2956 antiphrasin,
929 2872 1015 2960 quod
1037 2875 1241 2962 apaucis,ao

58 2961 95 3028 id
117 2971 167 3027 est
197 2959 272 3027 sohs
301 2980 395 3026 sacer
418 2957 522 3025 utibus
543 2955 686 3022 adeatur.
740 2953 822 3022 Inde
854 2957 948 3041 etiarn
977 2957 1038 3026 tria
1064 2960 1202 3048 insignia
1292 3002 1297 3015 ι

62 3047 152 3114 circa
176 3045 244 3136 ejus
275 3043 479 3112 simulacrum
507 3040 669 3120 videmus,
702 3037 822 3130 lyram,
856 3062 940 3131 quae
961 3045 1052 3111 nohis
1073 3047 1201 3126 harmo-

61 3131 308 3199 niae‘caelestis
326 3131 498 3218 imaginem
520 3138 692 3205 monstrat,
727 3127 892 3215 gryphen,
928 3129 984 3217 qui
1011 3151 1083 3199 eum
1107 3131 1201 3200 etiam
1297 3146 1320 3206 ’,

61 3230 229 3287 terrenum
251 3239 367 3283 numen
391 3214 540 3295 ostendit,
561 3237 596 3280 sa
622 3213 705 3289 ittae,
730 3215 845 3299 quibus
870 3214 1012 3290 inseruus
1033 3230 1066 3284 et
1089 3220 1201 3286 noxius
1260 3295 1264 3300 f

60 3303 147 3389 deus
167 3302 335 3371 indicatur.
376 3301 458 3367 Inde
479 3309 512 3368 et
530 3234 641 3388 Apoho
663 3320 682 3364 a
702 3299 831 3364 Graeco
853 3292 1009 3381 ἀπολεῖν,
1034 3299 1067 3368 id
1090 3303 1243 3375 eat'abas
1276 3296 1280 3306 ’

60 3389 331 3464 exterminando
353 3386 400 3453 vel
414 3386 610 3474 perdendo,
644 3395 680 3450 ut
704 3382 857 3464 diximus,
890 3385 994 3454 dictus
1017 3400 1074 3455 est.
1117 3387 1204 3455 Hinc
1230 3408 1255 3453 A

66 3485 137 3555 est,
170 3473 258 3562 quod
280 3475 444 3540 Homerus
467 3490 540 3538 eum
562 3483 628 3538 tam
651 3468 848 3558 pestilentiae
879 3469 960 3540 dicit
978 3492 1072 3561 quam
1094 3473 1203 3542 salutis
1225 3473 1227 3479 ’

63 3572 260 3627 ιιιιοῐοιιιιιι.Δ
286 3561 374 3625 Hine
394 3569 427 3625 et
447 3557 529 3625 irato
550 3553 683 3646 Apollini
706 3577 817 3622 areum
839 3567 871 3622 et
891 3558 1046 3645 sagittas,
1076 3559 1203 3649 placido
1251 3583 1294 3642 τι.

64 3669 142 3714 vero
165 3645 320 3714 citharam
343 3645 553 3732 assignamus.
608 3639 706 3708 Unde
727 3641 900 3709 Horatius:
1225 3676 1229 3682 ·

116 3820 120 3825 .
153 3756 304 3826 Condito
322 3757 422 3823 mitis
436 3754 671 3855 placidusque
693 3748 761 3816 telo
1211 3773 1246 3823 40

153 3842 337 3943 Supplices
351 3843 584 3930 auda'pueros
609 3837 748 3926 Apollo.

152 3954 281 4023 Dicitur
300 3966 406 4023 autem
430 3963 463 4019 et
481 3949 555 4019 ideo
579 3949 679 4040 lyram
701 3946 837 4031 habete,
877 3935 965 4038 quod
988 3968 1045 4105 pet
1069 3969 1205 4020 concor·
1284 4024 1286 4029 ,

54 4044 153 4112 'diam
176 4039 294 4116 caloris
314 4051 347 4106 et
369 4038 513 4106 humoris
538 4037 643 4103 omnia
676 4036 904 4124 temperantur.
957 4033 988 4104 E
1031 4039 1205 4106 mathema·
1280 4106 1283 4111 ,

66 4131 122 4198 tici
145 4134 313 4200 asserunt,
335 4126 480 4214 quotiens
504 4123 551 4194 sol
574 4146 645 4191 eum
669 4140 747 4188 arcu
776 4122 977 4210 apparuerit,
999 4123 1218 4212 pestilentiam*
1245 4141 1250 4150 ·

68 4219 326 4285 subsecuturam.
1237 4223 1278 4265 Ab

723 4319 989 4398 “ila

1253 1013 1265 1029 ‘A
