2684 4606
181 1023 190 1039 ²
259 1031 263 1037 ·
311 1030 384 1120 nu
409 1036 649 1157 murano
674 999 1025 1120 chocnmuo
1245 1118 1246 1126 Ν

80 1205 91 1289 ’.
176 1185 257 1296 om
287 1220 374 1296 suu
400 1219 698 1299 consummo
726 1218 818 1290 mu.
840 1181 1064 1314 sorssors.
1092 1211 1137 1306 q.

486 1444 841 1479 --·-·-·-·—·

189 1700 330 1792 (invene
360 1735 415 1793 PP.
449 1737 679 1793 nonadecimron
705 1737 782 1793 baud·
801 1737 893 1808 procul
915 1729 982 1790 urba
1004 1734 1116 1789 duierm
1138 1745 1231 1787 mona-

89 1807 196 1861 sterinm
213 1806 254 1858 vir
271 1807 304 1859 cl.
322 1806 380 1860 iob.
397 1807 580 1877 mabillonius,
598 1809 715 1865 eiusdem
732 1809 831 1864 ordinis
848 1807 1004 1874 monachus,
1027 1807 1055 1860 in
1071 1820 1120 1860 suo
1136 1804 1231 1859 itinere

89 1880 177 1933 italico
194 1896 222 1946 p.
241 1876 293 1930 116
304 1883 380 1932 -118
408 1880 522 1936 breviter
537 1883 653 1950 quidem·
665 1882 713 1936 sed
729 1897 781 1936 nou
805 1879 944 1944 imacundc
968 1877 1116 1948 descripsit.
1159 1875 1238 1949 Exin

79 1957 175 2005 aetate
195 1955 286 2002 nostra
301 1951 396 2005 doctus
413 1954 480 2006 alius
496 1953 537 2006 vir
553 1955 638 2022 gelius
662 1960 836 2021 cognomento
859 1950 986 2009 Manum
1008 1948 1157 2006 monasterii
1189 1948 1230 2002 ius
1311 1958 1314 1971 ¹

89 2021 271 2078 bibliothecam
302 2025 442 2092 prolixiore
472 2025 656 2080 commentario
687 2026 834 2099 illustravit.
877 2024 939 2094 ligo
969 2034 1037 2077 auno
1062 2021 1103 2076 Μ.
1125 1965 1229 2074 Dciic.

88 2094 179 2151 XXVI
204 2092 239 2146 ad
255 2091 323 2148 hunc
340 2097 427 2149 locum
443 2098 570 2164 insignem
584 2096 653 2151 iorta
670 2113 832 2166 progressus,
848 2101 876 2151 et
892 2096 1075 2151 humanitatem
1087 2094 1230 2147 incolarum

91 2164 273 2238 monachorum
305 2173 429 2235 expertus
453 2170 604 2238 plurimam,
630 2169 718 2236 ibique
741 2169 814 2229 brevi
839 2167 892 2222 diei
932 2173 998 2222 artc
1012 2170 1143 2231 moratus,
1167 2162 1230 2218 nihil

43 2262 47 2271 =
88 2239 157 2293 aliud
174 2239 257 2291 ferma
274 2238 388 2292 videram
406 2255 482 2306 quam
500 2240 641 2309 diplomata
657 2242 770 2309 aliquot,
795 2246 823 2294 et
845 2240 1032 2305 nobilissimum
1054 2243 1135 2304 atque
1160 2234 1231 2288 anti·

47 2321 49 2326 “
89 2311 239 2378 quissimum
253 2310 389 2363 latinorum
408 2311 545 2366 bibliorum
562 2311 702 2376 codicem,
722 2313 796 2365 ouius
820 2311 921 2366 deindo
931 2308 1123 2380 apographum,
1150 2307 1230 2360 obss·
1286 2300 1304 2349 *-

58 2396 61 2404 ’
89 2383 142 2450 quii
159 2382 244 2450 gratia
260 2398 325 2448 erga
341 2383 494 2435 Pontificem
512 2384 652 2436 maximum
678 2382 797 2436 Monam
820 2383 888 2449 xii,
902 2382 960 2450 ,qui
983 2396 1026 2435 me
1050 2379 1176 2433 suadente
1200 2378 1229 2431 id
1264 2388 1266 2395 ’

88 2458 243 2523 optaverat,
279 2455 507 2513 reverendissimus
542 2454 691 2508 monasterii
724 2455 830 2521 Abbas,
849 2464 923 2508 ‘cum
950 2450 1028 2508 RR.'
1044 2449 1229 2504 monachorum
1317 2444 1324 2458 ‘

88 2524 212 2589 consilio,
234 2531 355 2577 accurate
368 2580 370 2585 ,
381 2527 487 2592 confici,
513 2531 592 2594 atqua
622 2525 656 2578 ad
674 2527 817 2580 vatimuam
835 2523 1017 2579 bibliothecam
1034 2521 1102 2576 mitti
1119 2523 1230 2577 curavit.

88 2597 139 2649 Est
156 2602 244 2649 autern
261 2596 389 2664 praeclari
406 2597 549 2665 apographi
572 2603 665 2651 auctor
689 2594 916 2657 reverendissimus
932 2595 1051 2649 dominus
1067 2596 1101 2649 P.
1136 2593 1237 2660 ligum-
1276 2648 1277 2652 ,
1320 2584 1324 2605 ¹

89 2670 140 2721 tius
158 2667 285 2732 Rubeus,
310 2667 433 2721 cavensis
460 2667 540 2721 archii
565 2683 671 2737 praeses
694 2676 722 2721 et
745 2671 902 2738 apostolicus
920 2667 1127 2736 protonotarius,
1153 2666 1228 2718 caius
1260 2676 1264 2681 ’

88 2741 218 2804 laborem,
246 2739 423 2805 sedulitatem,
445 2739 592 2803 diuturnam
617 2739 781 2809 patientiam,
806 2740 976 2810 peritiamque
1001 2752 1127 2793 summam
1143 2735 1229 2789 admi-

87 2812 141 2864 rari
158 2827 235 2864 nemo
251 2812 315 2863 satis
333 2812 446 2883 poterit3
471 2812 564 2865 merita
580 2827 644 2865 vero
658 2812 716 2879 eiua
735 2828 800 2880 erga
813 2813 957 2867 concauam
972 2810 1106 2867 Ponh‘flcis
1122 2808 1243 2880 maximi„

87 2881 270 2935 bibliothecam
288 2882 467 2936 immortaliter
482 2898 587 2936 manere
604 2898 712 2937 necasse
729 2891 778 2938 est
812 2882 910 2938 Iterum
933 2899 985 2952 ego
1006 2881 1141 2951 superiore
1158 2895 1227 2932 auno
1319 2904 1321 2910 s

89 2955 129 3008 Μ.
148 2953 252 3008 DCCC.
268 2952 348 3007 XXX
371 2953 405 3006 ad
424 2951 540 3008 Garama
556 2955 740 3009 monasterium
764 2971 898 3022 reversus,
920 2961 951 3009 ut
972 2953 1061 3007 biblici
1083 2950 1228 3021 apographi

87 3026 277 3083 coniectionem
294 3040 361 3092 quae
378 3027 429 3078 iam
446 3027 480 3078 ad
497 3025 596 3080 mium
612 3028 738 3092 vergebat
753 3029 922 3096 inspicerem,
946 3025 972 3079 vi
988 3024 1091 3093 pluviae
1116 3025 1228 3080 maximia

85 3097 184 3151 ibidem
201 3096 284 3150 solida
300 3097 344 3150 die
356 3097 497 3151 subsistere
509 3104 616 3151 coactus
629 3113 703 3151 suun:
721 3105 800 3167 atque
815 3099 920 3152 iuterim
935 3112 968 3151 ne
985 3097 1011 3149 in
1030 3102 1083 3149 tam
1094 3094 1228 3148 fructuoso
1248 3122 1254 3139 s

86 3172 147 3222 loco
165 3184 309 3234 cessarem,
320 3170 428 3236 inspexi
446 3186 509 3237 prae
526 3170 621 3242 ceteris
637 3168 754 3224 codicem
771 3163 923 3238 quemdam,
946 3167 1041 3223 litteris
1058 3165 1228 3235 longobardi-

87 3243 126 3295 cis
153 3241 232 3309 pauio
259 3247 320 3309 post
344 3257 415 3294 saec.
432 3241 459 3293 X
484 3247 631 3307 exaratum,
663 3242 707 3308 qui
736 3242 886 3295 inscribitur
911 3237 987 3293 Beda
1005 3237 1037 3289 ds
1056 3235 1227 3307 temporibus,

87 3313 256 3379 continetque
279 3313 385 3380 insuper
409 3314 537 3380 prolixam
564 3313 657 3365 senem
689 3314 895 3367 testimoniorum
919 3298 963 3364 ex*
977 3308 1086 3365 dirersis
1109 3308 1226 3378 patribus

87 3385 182 3455 partim
200 3384 310 3449 ¹sortasse
328 3383 495 3437 ineditormu:
522 3384 549 3436 iu
574 3385 629 3436 eius
647 3388 742 3438 autem
762 3388 834 3439 caica
850 3389 987 3439 mactatum
1005 3381 1141 3448 quemdam
1158 3395 1228 3446 geo·

86 3449 1226 3583 aerumnosissimumsuccursurum

314 3566 322 3592 i
557 3584 561 3589 ,
1217 3560 1225 3577 ¹
1257 3564 1261 3571 '

85 3601 173 3653 Porro
189 3599 215 3650 id
230 3601 355 3666 scriptum
368 3600 428 3664 quin
441 3597 525 3650 bonae
535 3597 617 3663 frugis
628 3598 732 3653 miuIme
742 3615 845 3667 expers,
862 3598 976 3664 satisque
989 3594 1133 3663 antiquum,
1146 3598 1173 3646 et
1181 3609 1226 3646 ro-

84 3687 164 3724 mano
178 3669 354 3723 adhucstante
364 3669 432 3738 apud
441 3669 612 3723 occidentales
627 3666 736 3738 imperio
747 3671 917 3740 compositum
924 3667 1052 3733 videbam,
1066 3666 1183 3735 protinus
1192 3665 1226 3718 ad

86 3737 1226 3810 exscribendumlucubui,temimpensemihifauente,queniamhonorisoausaappal·
1260 3768 1263 3778 ·
1291 3804 1293 3808 Ι

87 3815 146 3879 lavi,
168 3811 249 3866 archii
264 3812 396 3878 Praeside,
417 3819 448 3865 ut
461 3813 579 3867 codicem
596 3812 630 3865 ad
651 3811 777 3884 hospitale
795 3828 882 3867 meum
899 3811 1045 3865 cubiculum
1064 3809 1226 3863 festinandae

85 3885 234 3954 scriptionis
244 3883 423 3938 oaumdeiarri
431 3885 548 3938 voluerit:
559 3883 685 3952 quodcgo
693 3887 844 3941 beneficium
851 3883 919 3940 baud
928 3878 1226 3950 equidemminorisiecl,
1257 3892 1259 3905 ⁴

41 4104 43 4108 ’
157 4095 184 4161 ·)
203 4093 264 4148 Hoc
287 4095 353 4162 Maji
384 4097 542 4164 prooemium
575 4110 633 4148 cnm
660 4080 731 4146 orbis
754 4067 927 4160 descriptione
954 4095 982 4142 at
1008 4060 1225 4142 demonstratione

84 4166 274 4234 provinciarum
290 4167 360 4234 typis
378 4166 545 4234 repetendum
570 4166 717 4228 curavimus,
747 4179 763 4218 e
794 4164 877 4218 clau.
895 4160 1002 4227 ,naas
1022 4175 1041 4213 e
1065 4160 1133 4213 Yet„
1152 4155 1236 4208 ems„
1263 4164 1266 4172 “
1320 4173 1324 4179 ⁴

84 4238 219 4303 aditorum,
237 4237 272 4332 'ib
295 4239 333 4292 iii
358 4257 385 4310 p.
402 4242 581 4330 sss-415.
818 4242 824 4259 ”
1092 4248 1094 4253 ·
