2684 4606
1228 140 1245 188 ὅ

244 176 255 189 “
296 170 517 308 ‘asyam
548 203 620 279 m.
676 201 727 276 a.
778 199 944 277 r-a·
1122 201 1203 281 rer

60 390 106 455 las
138 389 227 476 prius
264 382 427 466 viderant,
478 407 541 477 nec
582 386 670 475 prius
713 407 770 453 aas
808 385 949 453 extitisse
991 384 1204 458 crediderant

60 479 170 548 (tuum
200 488 307 541 tamen
346 469 488 539 Arcades
517 472 560 537 de
591 472 778 560 antiquitate
806 493 878 537 cum
914 473 1104 563 Phrygibus
1133 498 1204 541 cer·
1303 521 1304 525 =

59 574 183 640 tarent,
240 557 386 653 singulos
426 558 576 646 parrulos
618 581 691 624 cum
728 557 862 643 singulis
900 560 1091 642 nutricibus,
1134 563 1203 648 qui·
1264 606 1266 611 -

60 649 121 714 bus
143 647 271 732 linguas
302 642 737 724 ademerant‚.clauserunt‚
769 655 806 710 ut
826 646 1065 730 experirentur,
1098 657 1204 713 utrum

59 757 121 800 vox
144 745 218 799 nata
241 742 347 806 esset,
378 753 421 795 an
442 730 641 808 disceretur3
673 732 705 795 et
734 727 760 794 si
781 740 868 796 esset
887 730 1013 810 innata,
1045 755 1228 819 quaenams

60 830 166 899 esset,
196 816 368 905 Phrygum
396 838 439 881 an
460 813 632 883 Arcadum.
688 811 847 881 Producti
875 838 953 881 vero
986 819 1077 904 pueri
1107 812 1206 920 plaude

60 905 160 971 locuti
195 924 269 968 esse
303 902 473 980 dicuntur,
519 922 583 989 qua
618 900 854 986 significatione
885 902 1057 989 Phrygum
1096 902 1206 988 hagua

58 991 168 1078 panis
189 986 386 1075 intelligitur.
428 987 486 1053 Sic
506 1008 588 1073 ergo
611 986 776 1071 cognitum
800 998 867 1068 est,
886 989 1028 1055 Arcades
1050 1010 1119 1053 non·
1135 1012 1207 1055 esse

64 1075 271 1163 primigenas.
313 1069 411 1146 Quod
432 1084 539 1140 autem
561 1074 705 1138 Arcades
727 1071 848 1138 nobiles
868 1072 945 1139 dieti
965 1076 1057 1153 sunt,
1079 1074 1206 1141 aliunde

60 1174 198 1228 tractum
230 1168 288 1226 est.
330 1157 449 1225 Refert
492 1156 843 1245 enime'Phucydides*
856 1157 936 1225 libro
963 1160 1084 1246 primo,
1117 1161 1249 1234 hunclo'

61 1269 185 1313 morem
206 1243 345 1324 Graecis
368 1242 485 1322 fuisse,
519 1255 556 1310 ut
577 1244 682 1308 coacti
703 1244 736 1309 in
756 1242 875 1310 alienas
895 1244 943 1309 ire
965 1257 1089 1327 terras,
1124 1268 1204 1333 quas

62 1333 183 1399 l'ertiles
203 1353 277 1397 esse
299 1337 539 1416 cognoverant,
569 1326 699 1394 easdem
723 1328 889 1395 veteribus
904 1329 1014 1406 incolis
1036 1343 1204 1399 vastarent.

60 1417 130 1484 Sed
148 1414 290 1483 Arcades
313 1415 438 1481 soliob
461 1412 659 1481 sterilitatem
682 1435 839 1499 agrorum
860 1416 1012 1485 commoti
1033 1439 1098 1483 non
1119 1429 1205 1500 snut,

59 1516 93 1572 et
118 1502 212 1585 ideo,
242 1501 361 1590 inquit,
399 1500 522 1567 nobiles
545 1500 774 1567 existimantur.
845 1569 861 1587 „
1032 1514 1035 1519 ·

392 1647 815 1753 .2,Cybele

143 1772 174 1836 1.
218 1768 310 1834 Uxor
344 1766 485 1834 Saturno
531 1780 635 1836 mater
676 1770 813 1853 deorum
848 1769 1042 1838 decernitur.
1107 1773 1204 1839 Hanc
1212 1793 1247 1845 1⁶

61 1856 188 1923 Graeci
207 1852 354 1933 liberam,
377 1854 426 1919 vel
444 1854 710 1942 Berecynthiam,
731 1857 779 1922 vel
800 1857 974 1946 Cybelem3
1002 1856 1109 1924 Latini
1131 1882 1206 1927 vero

58 1946 166 2032 Opem
199 1939 367 2028 appellant.
422 1940 492 2006 0s
522 1940 638 2027 igitur,
680 1955 715 2010 ut
744 1944 879 2013 innuere
906 1940 1033 2010 videtur
1063 1943 1206 2025 Servius,

56 2028 144 2095 idem
166 2026 300 2103 Latine,
330 2022 420 2112 qnod
474 2046 570 2092 raece
592 2028 687 2095 Rhea
710 2041 812 2096 sonat.
862 2030 940 2095 Hoc
960 2041 1067 2096 autem
1090 2052 1206 2095 nomen

57 2137 100 2180 ex
129 2136 188 2192 ee,
232 2123 270 2178 nt
297 2111 342 2177 ait
369 2109 582 2197 Fulgentius,
617 2116 742 2182 sortita
760 2126 829 2194 est,
872 2113 960 2202 quod
992 2115 1205 2183 esurientibus
1249 2171 1252 2175 .

59 2201 193 2285 frugum
225 2195 397 2282 largitione
426 2196 579 2284 opitulata
612 2211 671 2267 est.
730 2199 979 2289 Berecynthiam
1007 2222 1085 2267 vero
1112 2202 1248 2291 juxtaao

59 2284 201 2351 eundem
222 2282 287 2349 'dici
308 2280 475 2350 voluerunt
496 2285 586 2370 quasi
610 2283 783 2348 orontium
804 2285 995 2349 dominam.
1036 2285 1118 2351 Ideo
1138 2311 1206 2353 ma-

56 2385 140 2439 trem
165 2370 317 2446 deorum,
354 2367 443 2455 quod
466 2367 512 2432 dii·
534 2391 592 2456 per
619 2368 801 2458 superbiam
822 2369 899 2436 dicti
920 2381 1012 2453 sunt3
1043 2384 1076 2437 et
1096 2395 1152 2438 eos
1174 2373 1207 2439 in

58 2457 199 2548 Olympo
235 2455 380 2521 habitare
417 2454 509 2540 quasi
542 2455 687 2522 excelsos
721 2477 761 2520 ac
796 2457 961 2543 superbos.
973 2468 1000 2549 s
1021 2456 1206 2526 Daemones

58 2543 181 2622 dictos,
219 2541 308 2628 quod
337 2537 455 2607 multos
483 2541 652 2629 subigere,
690 2552 723 2608 et
753 2539 811 2608 soli
839 2563 938 2629 super
968 2543 1103 2644 populos
1133 2544 1208 2611 esse
1296 2612 1307 2619 ,

57 2629 263 2707 studuerunt.
313 2623 399 2692 Nam
427 2626 536 2714 dipem
563 2627 734 2714 populus,
761 2626 822 2702 ele
849 2649 945 2703 ,uirus
970 2639 1250 2717 rnterpretatnr.25
1317 2706 1325 2715 .

57 2714 139 2783 Ideo
166 2725 202 2782 et
223 2711 308 2802 apud
330 2711 516 2790 Rbmanos,
551 2713 668 2800 inquit,
704 2710 865 2799 indigetes
894 2712 984 2800 quasi
1013 2715 1124 2779 nullia
1147 2717 1208 2779 irr-

56 2801 222 2889 digentes
247 2797 459 2888 appellantur.
500 2799 672 2885 Remigius
701 2808 810 2867 tamen
848 2795 924 2875 alias
957 2800 1047 2887 ponit
1075 2800 1207 2867 daemo-

59 2909 134 2954 num
155 2885 446 2975 interpretationes.
488 2881 672 2950 Daemones
695 2887 799 2963 enirn,
826 2882 944 2972 inquit,
981 2885 1058 2953 dicti
1086 2900 1159 2955 sunt
1187 2911 1208 2955 a

57 2974 259 3061 «lapsosque,
278 2969 314 3036 id
335 2980 386 3035 est
409 2968 658 3057 aprincipatu
682 2970 827 3058 populi3
858 2970 906 3036 rel
922 2969 1128 3053 daemones,
1159 2973 1207 3038 in·
1295 2984 1297 2989 '

57 3059 144 3146 quit,
181 3056 259 3123 dicti
280 3054 371 3145 quasi
392 3053 576 3136 diamones,
610 3055 716 3121 idest
744 3053 864 3120 omnio
894 3055 1059 3136 seientes,
1093 3062 1250 3146 utpoteso

59 3143 161 3210 nuntii
190 3141 261 3222 dei,
301 3162 383 3230 quos
414 3139 521 3204 Latini
542 3140 768 3204 medioximus
798 3141 993 3218 vocitarunt,
1032 3143 1146 3212 idest
1167 3146 1207 3209 in

58 3229 174 3293 rrretlio
187 3228 329 3315 positos.
370 3224 591 3291 Medioxemn's'
605 3226 688 3291 enim
702 3224 818 3291 dieitur
833 3227 925 3314 quasi
938 3227 1075 3293 medius
1085 3230 1208 3319 proxi-

58 3335 158 3394 mrrs3
197 3314 280 3378 inter
309 3312 406 3377 deum
442 3333 580 3398 namque
613 3310 837 3399 hominemque
869 3312 1060 3382 discurrunt.
1123 3317 1208 3383 Sunt

59 3400 143 3465 enim
167 3398 296 3463 numina
314 3397 418 3484 aliqua
437 3408 566 3463 tantum
581 3396 747 3477 caelestia,
774 3397 879 3485 aliqua
893 3390 1016 3466 tantula
1033 3402 1207 3483 terrestria,
1262 3452 1267 3461 .

59 3485 166 3572 aliqua
181 3482 298 3562 media,
336 3505 395 3549 uos
407 3480 648 3571 deosApulejus
667 3482 875 3550 medioximos
896 3497 1012 3551 vocat:
1030 3487 1077 3551 Hi
1097 3500 1249 3561 autemss

59 3582 152 3649 sunt,
191 3582 229 3635 nt
256 3569 302 3635 ait
353 3568 474 3648 arvina,
513 3569 568 3654 qui
596 3591 635 3634 ex
666 3567 846 3636 hominibus
877 3568 920 3636 dri
944 3571 1021 3637 lacti
1041 3583 1131 3654 sunt,
1164 3575 1231 3640 de‘

59 3652 242 3746 cujusmodi
261 3655 389 3721 numine
412 3652 579 3741 Virgilium
613 3654 730 3722 dixisse
760 3656 883 3724 volunt:
920 3657 1208 3747 Communemque

57 3750 179 3813 vocate
208 3740 332 3821 ιίειιιη,
366 3740 543 3806 Herculem
575 3740 723 3810 videlieet
760 3740 803 3807 de
833 3741 962 3806 homine
997 3743 1209 3813 immortalem

58 3827 190 3894 factum.
221 3826 305 3891 ,Sed
326 3824 369 3892 de
391 3824 438 3892 his
459 3825 541 3891 alibi.
1012 3846 1017 3855 ’

73 3974 77 3981 ,
142 3913 175 3978 2.
218 3911 466 4002 Berecynthiam
488 3913 583 3979 etiam
600 3911 736 3991 Graeci,
764 3912 850 3977 utin
867 3912 1031 3999 Fulgentii
1051 3912 1278 4004 dogmateao¹

58 3997 177 4066 diutius
199 4019 374 4078 versemur,
397 3995 486 4086 quasi
507 3997 606 4061 verni
627 3993 759 4072 κύνθος
781 3997 945 4079 dixerunt;
960 3993 1100 4078 ‘adustae
1123 4005 1206 4070 enim

56 4084 168 4170 lingua
195 4083 302 4151 Attica
324 4083 397 4174 flos
425 4096 638 4172 nuncupatur.
697 4080 793 4148 Unde
824 4095 857 4149 et
877 4077 1060 4160 ,attuvoeoa
1091 4087 1207 4155 dicitur
1290 4114 1293 4121 ·

10 4236 19 4265 ι
58 4171 149 4257 quasi
178 4165 243 4246 ride
268 4161 403 4246 κύνθος
430 4167 536 4237 id-est
559 4168 653 4232 eolus
673 4167 762 4257 flos,
794 4168 941 4248 videlicet
963 4172 1110 4240 omnibus
1143 4198 1206 4240 ter-

58 4259 181 4325 lectior.
225 4255 389 4345 Accipitur
417 4266 527 4324 autem
557 4253 775 4343 Berecynthia
791 4255 834 4320 in
864 4256 995 4324 modum
1025 4272 1206 4347 potentiam
