2684 4606
328 182 524 287 nqaoga-
548 130 643 263 xuss,
677 181 742 262 aa.
798 156 947 269 'sl-s.
1012 156 1020 316 {
1068 274 1073 298 Λ
1128 183 1215 267 aar
1333 174 1337 183 ’

76 361 299 453 populabatur.
337 354 478 436 ,Veritas
501 370 607 436 tamen
644 363 821 453 secundum
850 366 1054 460 philosophos
1090 363 1122 436 et
1143 368 1208 438 hls-
1290 396 1323 457 g

74 455 198 519 toricos
219 450 335 534 habet,
362 453 449 521 bunc
474 452 577 525 ¹fuisse
607 451 748 525 Evandri
765 455 997 545 ¹nequissimum
1021 477 1147 522 serrum
1168 478 1208 523 ac
1272 476 1276 482 ·

75 537 191 602 furem.
234 537 389 606 Novimus
410 550 518 606 autem
538 561 559 604 a
581 538 716 606 Graecis
735 540 852 608 malum
874 537 978 612 sonte
999 538 1080 621 dici,
1109 563 1206 628 quem

73 623 237 692 bominem
253 623 297 690 ita
318 623 370 690 illo
391 634 537 714 tempore
552 623 694 691 Arcades
716 625 924 714 appellabant
957 626 1081 713 ‘Ignem
1095 626 1203 717 dictus
1253 664 1256 669 -

74 721 126 776 est
146 729 285 785 vomere,
305 711 379 797 quia
399 711 477 798 igne
497 731 595 796 agros
614 712 766 779 vastabat.
808 713 907 778 Hunc
928 733 1021 781 soror.
1039 735 1098 779 sua
1120 713 1226 803 ejus-6

74 791 148 893 dem
171 794 304 895 nominis
324 795 481 895 prodidit,
514 795 600 899 unde
630 794 727 862 etiaim
750 797 898 865 sacellum
920 798 1050 879 meruit,
1081 799 1201 883 inquo
1286 797 1289 808 '

74 901 106 945 el
127 901 190 1030 ΡΘ2ΐ.
209 881 771 1070 γιῖἱξιιῑὲἓῗιενθᾶῗὲἓεδθιῗῖιᾚξδῐοιιτὲῐ
799 967 878 1034 filins
913 968 1057 1048 Terrae,
1099 966 1151 1033 cui
1184 989 1205 1058 a
1282 960 1311 1025 l

72 1060 177 1116 matre
198 1050 346 1119 collatum
369 1053 444 1131 snit,
477 1063 514 1120 ut
534 1065 680 1142 quonens
700 1063 807 1121 terrac
826 1055 1020 1136 accubaret,
1043 1052 1124 1119 vires
1145 1053 1203 1119 ha·
1284 1085 1286 1087 >

73 1137 168 1204 beret
187 1135 372 1223 duplicatas.
423 1139 496 1214 Qua
525 1161 562 1205 re
579 1151 770 1227 comperta,
806 1140 964 1207 Hercules
986 1161 1058 1206 eum
1076 1151 1098 1205 'a
1117 1149 1246 1209 terralo

13 1278 28 1297 ,
73 1222 200 1288 elevans
223 1224 407 1293 constrinxit
439 1223 481 1290 ad
501 1236 646 1292 mortem.
699 1231 838 1293 Antaeus
866 1227 989 1313 itaque
1005 1225 1065 1292 sub
1096 1225 1203 1311 ligura

70 1305 208 1379 lrbrdrnxs
229 1309 365 1396 ponitur.
417 1310 502 1376 Nam
531 1313 659 1376 Graece
687 1303 806 1380 circlos
835 1310 1049 1376 eontrarium
1079 1308 1202 1376 dicitur.

71 1392 151 1458 Ideo
175 1393 218 1458 de
237 1406 323 1461 terra
344 1407 436 1464 natus
458 1397 601 1480 fingitur,
623 1396 697 1485 quia
719 1396 880 1461 libido'de
901 1417 998 1477 carne
1018 1397 1203 1485 concipitur.

32 1490 35 1495 ’
62 1479 222 1567 {lenique
253 1491 340 1547 taeta
363 1484 460 1549 'terra
497 1481 624 1548 viridior
654 1491 688 1548 et
715 1480 850 1548 ualidior
882 1482 1096 1567 exsurgebat,
1129 1483 1203 1567 quia
1297 1538 1304 1546 .

70 1563 170 1630 libido
184 1576 305 1653 quanto
321 1565 353 1633 ei
369 1567 472 1654 magis
498 1589 574 1633 caro
597 1567 801 1645 consenserit,
823 1577 911 1633 tanto
933 1567 1037 1651 surgit
1053 1567 1201 1633 nocivior.
1210 1578 1245 1629 1⁶
1329 1637 1341 1645 ,

71 1648 140 1714 Sed
164 1673 185 1716 a
206 1651 348 1737 gloriosa
367 1653 492 1732 virtute,
513 1652 547 1718 id
567 1662 617 1726 cst
637 1653 678 1718 ab
699 1650 850 1726 Hercule,
872 1662 1041 1738 superatur
1053 1655 1203 1733 Antaeus

70 1747 103 1802 et
114 1734 278 1823 denegato
290 1739 349 1826 ipsi
363 1749 469 1805 terrae
483 1749 572 1805 tactu
587 1737 801 1818 commoritur,
821 1736 976 1821 altiusque
989 1736 1127 1804 clevatus
1136 1762 1204 1804 ma-

70 1831 162 1887 terna
177 1824 288 1909 nequit
305 1829 430 1892 mutare
439 1825 592 1910 suffragia
598 1847 610 1906 3
630 1823 704 1911 quia
716 1823 803 1889 ‘dum
821 1824 998 1890 carnalibus
1006 1846 1041 1888 se
1050 1825 1204 1925 quispiam
1253 1844 1281 1893 ’ἑ-

70 1905 278 1992 denegaverit
293 1911 471 2012 affectibus,
491 1921 692 1997 mentemque
702 1931 745 1979 ue
763 1908 901 1975 earnalia
919 1920 1049 1996 appetat
1060 1931 1092 1975 m
1107 1912 1203 1976 altam
1297 1908 1305 1916 ’

68 1994 248 2073 sustulerit,
282 1995 381 2063 victor
400 1995 678 2081 statrm‘exsnrgit
729 1995 856 2061 Dicitur
884 1994 979 2060 etiam
1001 1993 1139 2062 divinum
1158 1997 1246 2075 ibina
1300 1994 1303 2005 '

69 2078 250 2175 confecisse
263 2091 434 2161 certamen,
454 2081 527 2169 quia
538 2081 678 2169 pretiosa
702 2091 736 2146 et
754 2079 898 2147 caelestis
911 2102 1021 2167 pugna
1040 2092 1098 2161 est,
1119 2103 1204 2166 quae

58 2174 141 2230 'cum
157 2166 415 2252 coucupiscentia
435 2167 577 2254 vitiisque
599 2166 782 2235 conseritur.
824 2167 878 2232 De
898 2166 1012 2252 quain
1034 2168 1204 2232 moralibus

65 2249 182 2328 Plato,
211 2253 388 2338 sapientes,
417 2252 534 2338 inquit,
562 2249 619 2318 riri
644 2251 796 2338 majorem
819 2273 892 2317 cum
917 2251 994 2316 vitiis
1013 2274 1108 2338 quam
1130 2275 1204 2318 curn

64 2335 202 2404 inimicis
220 2359 361 2424 pugnam
381 2348 528 2424 gerurrt.-
551 2336 635 2403 Nam
656 2334 742 2423 quod
764 2335 1122 2419 Alcesten-liberarerit,
1161 2337 1204 2404 ad

63 2421 215 2490 virtutem
242 2433 391 2509 spectare
424 2422 555 2490 videtur.
590 2421 692 2489 Unde
712 2420 794 2487 haec
813 2421 949 2487 habetur
969 2422 1085 2488 sabula.
1208 2439 1245 2491 25

14 2580 21 2587 ,
151 2508 184 2575 3.
227 2508 511 2598 Admetus,.ajnnt,
532 2527 589 2574 rex
610 2507 777 2595 Graeciae,
801 2507 948 2574 Alcesten
962 2507 993 2575 in
1016 2507 1202 2593 conjugium

63 2593 177 2680 petiit,
209 2593 299 2683 cujus
320 2605 412 2681 pater
433 2593 573 2662 edictum
593 2601 822 2682 proposuerat,
857 2601 894 2658 ut
913 2592 1029 2678 siquis
1052 2591 1131 2658 duas
1155 2594 1211 2672 ses

64 2700 121 2745 ras
144 2678 289 2768 dispares
312 2679 427 2745 currui·
440 2698 499 2747 suo
521 2678 729 2769 adjungeret,
757 2679 785 2747 is
808 2699 878 2744 eam
900 2679 1071 2780 conjugem
1102 2678 1201 2744 duce·

64 2774 128 2831 ret.
171 2765 324 2831 Admetus
344 2765 487 2852 igiturA
513 2765 636 2832 ollinem
659 2775 693 2832 et
714 2763 888 2837 Herculem
903 2764 1016 2829 auxilio
1060 2765 1201 2853 oposcit3
1301 2772 1305 2779 '

64 2848 175 2938 illique
194 2851 388 2918 adcurrum
409 2789 620 2940 ejusleonem
639 2860 672 2916 et
688 2848 799 2939 aprum
817 2850 998 2938 junxerunt.
1037 2788 1072 2915 ls
1092 2851 1243 2936 itaqneao

65 2935 216 3004 Alcesten
238 2937 410 3025 conjugem
442 2938 583 3026 accepit3
622 2957 783 3023 quumque
811 2935 844 3001 in
872 2935 1083 3002 infirmitatem
1113 2935 1201 3001 deci-

19 3016 27 3033 ‘
66 3020 205 3103 disset,
225 3033 258 3090 et
278 3025 359 3088 mori
378 3046 414 3088 se
438 3024 666 3109 comperisset,
696 3020 846 3108 Apollinis
873 3021 1107 3091 miserationem
1129 3045 1201 3109 pre-

68 3118 163 3174 catus
180 3120 251 3189 est,
283 3108 337 3196 qui
366 3107 546 3196 respondit,
577 3107 620 3174 nil
639 3130 676 3175 se
698 3109 727 3171 ei
754 3129 850 3194 posse
880 3117 1061 3194 praestare,
1091 3106 1150 3172 nisi
1174 3107 1227 3190 si*

68 3194 140 3280 quis
162 3193 205 3259 de
225 3195 409 3282 propinquis
432 3218 468 3261 se
497 3216 557 3282 pro
591 3215 631 3259 eo
664 3192 758 3257 morti
789 3192 982 3259 voluntariae
1017 3192 1200 3273 obtulisset3
1301 3224 1305 3234 ·

66 3277 161 3365 quod
192 3284 274 3346 uxor
306 3278 374 3367 ejus
406 3279 610 3346 libentissime
642 3277 727 3344 fecit.
780 3278 894 3365 Itaque
930 3277 1087 3344 Hercules
1123 3276 1241 3341 dumus

67 3362 114 3429 ad
143 3365 393 3433 abstrahendum
422 3369 601 3432 Cerberum
615 3363 670 3429 ¹ad
694 3363 814 3429 inferos
842 3361 1071 3440 descenderet,
1105 3361 1200 3428 etiarn
1263 3428 1268 3439 ,

67 3450 173 3538 ipsam
194 3451 237 3518 de
257 3451 365 3517 inferis
386 3451 522 3518 reduxit.
574 3447 727 3517 Admetus
747 3448 846 3551 igitur
873 3460 1011 3514 mentem
1041 3447 1200 3534 designat,
1314 3514 1324 3528 ,

68 3547 105 3601 et
124 3535 242 3616 dicitur
261 3537 430 3614 Admetus,
468 3536 557 3624 quasi
578 3557 672 3622 quem
693 3545 793 3623 possit
814 3533 915 3597 odire
946 3543 1075 3618 metam
1110 3555 1199 3598 mens

70 3621 173 3703 enim,
207 3646 269 3688 non
294 3646 411 3710 eorpus
431 3636 552 3688 metum
578 3621 720 3708 suscipit.
778 3620 843 3684 Hic
864 3619 1009 3685 Alcesten
1037 3617 1067 3682 in
1091 3619 1242 3704 conju-to

70 3708 163 3793 glum
191 3708 370 3786 desiderat,
412 3710 486 3795 quia
516 3702 600 3793 ἀλκὴ
626 3706 737 3791 lingua
761 3705 881 3783 Attica,
912 3717 948 3770 ut
976 3702 1200 3790 praediximus,

68 3795 286 3880 praesumtio
314 3794 439 3860 dicitur.
488 3795 580 3859 Mens
602 3792 700 3878 igitur
721 3789 831 3858 timida
852 3789 1134 3876 praesumtionem,
1167 3789 1202 3854 id
1247 3786 1252 3809 ’

71 3888 122 3945 est
143 3880 384 3959 animositatem,
406 3880 465 3946 sibi
487 3879 698 3945 neeessariam
721 3876 839 3952 ridens,
861 3874 928 3963 ejus
948 3873 1202 3961 conjunctionem

72 3963 254 4047 desiderat3
290 3965 349 4032 sed
380 3977 417 4045 ut
438 3989 509 4032 earn
531 3976 739 4050 assequatur,
772 3961 852 4026 duas
875 3962 960 4025 feras
983 3959 1124 4026 diversas
1148 3983 1202 4029 nc·

72 4072 167 4119 cesse
187 4064 237 4119 est
257 4049 365 4118 currui
385 4074 443 4117 suo
466 4051 636 4139 adjungat,
667 4048 701 4115 id
722 4059 772 4114 est
798 4046 986 4112 ritacsuae
1006 4044 1085 4110 duas
1108 4046 1202 4111 virtu·
1247 4128 1251 4135 Ι

10 4160 22 4177 r
72 4148 140 4217 tes,
162 4137 257 4204 animi
278 4136 423 4203 videlicet
444 4148 475 4204 et
496 4135 654 4224 corporis,
676 4134 822 4201 asciscat.
864 4132 993 4217 Subigit
1014 4134 1147 4202 leonem,
1170 4130 1243 4200 idas
1320 4183 1334 4190 ..

73 4236 124 4291 est
143 4224 290 4293 virtutem
309 4222 421 4306 animi,
443 4236 476 4293 et
498 4243 628 4312 aprum,
647 4219 682 4288 id
702 4230 754 4289 cst
773 4219 925 4325 uirtutpm
946 4216 1110 4305 coruscas.
1141 4214 1224 4275 xxc·
