2684 4606
164 182 248 259 aas
422 183 606 287 uyuogr.
634 183 706 263 ru.
760 182 848 256 rr.
878 122 1074 257 ro-ir
1294 142 1298 151 ’

165 372 280 455 moris,
298 381 336 439 ut
356 392 419 438 non
439 391 503 438 uuo
527 368 667 449 contenti
686 370 845 458 augurio,
867 367 983 459 aliquid
1003 367 1226 455 inchoarent,*
1248 366 1302 436 uiri

164 460 253 548 prius
292 480 333 525 ex
363 456 455 524 simili
492 457 743 523 confirmaretur.
806 454 903 523 Unde
951 466 1018 523 est:
1070 459 1193 558 Atque
1224 452 1303 521 boec

109 580 112 587 ·
165 545 285 609 omine
300 540 421 629 firma.
472 540 556 608 Nam
579 542 606 608 si
628 539 787 611 dissimilia
806 540 995 608 videbantur
1013 553 1221 631 posteriora,
1245 538 1302 609 sol·

167 630 323 697 vehantur
341 627 457 715 priora.
513 625 594 693 Inde
614 638 680 695 est:

31 744 34 749 ·
142 740 162 789 5
256 714 439 797 Quantum
456 710 634 783 'Chaonius
652 710 775 799 aquila
797 709 956 776 veniente
975 706 1177 781 columbas„

166 798 253 866 Nam
273 796 379 886 aquila
407 797 476 863 sine
503 795 602 862 dubio
631 796 785 863 columbis
811 795 880 883 plus
908 804 1025 883 potest.
1050 795 1171 862 ·Bene
1200 805 1303 864 autem

63 888 65 893 ’
165 887 295 952 Aeneae
316 879 403 970 apud
419 880 583 967 Virgilium
603 881 636 948 in
658 882 705 951 VI
726 880 821 947 datur
842 880 1031 966 augurium,
1062 891 1181 968 utpote
1202 882 1304 949 Vena·

165 970 211 1036 ris
223 969 287 1037 filio
299 980 331 1035 et
341 966 420 1053 regi.
451 966 883 1035 NametcolumbaeVeneri
894 978 1029 1054 propter
1044 963 1259 1053 frequentem,
1271 975 1303 1033 ut

167 1053 314 1132 diximus,
331 1054 450 1119 coitum
464 1064 496 1119 et
508 1053 756 1120 foecunditatem
764 1061 1074 1132 cousecratacsuut;
1096 1064 1130 1119 et
1140 1075 1254 1121 earum
1265 1050 1303 1119 ad

125 1137 1303 1286 roregespertinetauguriumquianumpuamsolaesunt,sicutbecreges

166 1221 351 1299 incomitati.
375 1221 540 1287 Necabre
550 1233 607 1302 est,
623 1219 761 1309 quodibi
785 1245 834 1287 em
848 1223 1103 1310 postulationem
1112 1222 1303 1291 Aeneaead-

161 1310 286 1399 jectum
299 1314 365 1383 est:
387 1307 447 1371 Sic
455 1302 584 1393 effatum
594 1306 748 1456 vestipus
757 1307 896 1394 pressit.
926 1307 1012 1373 Narn'
1026 1320 1058 1374 et
1068 1309 1168 1376 effata
1179 1311 1302 1399 propria

167 1406 242 1463 suut
261 1414 424 1478 augurum
447 1414 570 1479 preces.
626 1392 677 1458 Uo
702 1414 721 1455 e
753 1390 848 1458 etiam
870 1412 1012 1479 aggeres
1033 1406 1108 1480 post
1128 1394 1301 1482 pomoeriu,

166 1481 224 1545 ubi
245 1480 417 1565 captabant
448 1478 605 1562 auguria,
639 1475 830 1545 dicebantur
856 1478 989 1561 ellatus3
1029 1489 1062 1546 et
1089 1493 1166 1566 post
1193 1501 1301 1568 preces

126 1563 213 1632 laad
232 1561 392 1653 captanda
415 1562 549 1648 auguria
574 1561 748 1631 immobiles
774 1561 822 1628 nel
849 1559 965 1628 sedere
990 1562 1039 1629 rel
1060 1575 1149 1632 stare
1170 1586 1302 1633 cousue-

167 1660 286 1716 verant.
313 1648 433 1723 ¹Porro
454 1659 644 1734 praepetum
664 1648 784 1728 arium,
804 1657 840 1716 ut
860 1647 905 1716 ait
923 1648 1073 1725 Servius,
1109 1650 1193 1716 aliae
1211 1672 1300 1738 supe·

166 1734 255 1800 riora
273 1743 401 1811 tencut,
433 1746 466 1799 et
492 1735 621 1821 proprie
651 1744 821 1821 praepetes
846 1731 1011 1815 dicuutur,
1043 1734 1124 1801 aliae
1143 1737 1300 1815 inferiora,

168 1830 202 1885 et
221 1818 343 1885 iulerae
362 1829 605 1906 nuncupantur;
644 1818 803 1884 communi
824 1830 931 1885 autem
953 1821 1108 1886 uocabulo
1136 1832 1172 1888 et
1191 1823 1256 1889 bae
1272 1831 1301 1889 et

78 1954 110 1985 ··-.
166 1904 239 1971 illae
259 1915 447 1992 praepetes,
478 1903 553 1992 quia
575 1925 685 1970 omnes
707 1926 789 1970 ares
800 1904 926 1990 priora
941 1916 1069 1990 petunt
1089 1905 1244 1981 volantes.

125 2004 163 2054 2⁰
256 1990 308 2056 16.
348 1988 466 2054 Merito
501 1989 729 2076 aruspicinam,
772 1988 1016 2076 horoscopicam
1053 2002 1087 2057 et
1121 2016 1163 2059 au
1190 1994 1299 2069 udum.

167 2073 407 2153 matematicae,
439 2069 473 2136 id
502 2086 551 2140 est
579 2074 723 2154 vanitati,
751 2073 972 2158 subjecerunt,
1008 2076 1084 2176 quia
1114 2078 1147 2143 in
1191 2078 1200 2095 ⁶
1240 2078 1300 2145 tau

168 2160 332 2227 bominum
365 2157 558 2225 constituere
591 2171 624 2227 et
654 2160 808 2239 scrutari,
851 2158 1067 2227 abominabilis
1085 2163 1186 2251 juxta
1214 2184 1300 2232 veros

169 2246 341 2334 theologos
370 2245 552 2331 superstitio
582 2266 756 2333 eassusque
780 2242 874 2310 labor
903 2247 959 2325 sit;
995 2246 1070 2314 licet
1098 2249 1185 2315 idem
1210 2247 1300 2316 etde

171 2332 288 2399 ceteris
336 2328 493 2396 divinandi
542 2332 714 2418 generibus
758 2330 963 2397 asserendum
1009 2353 1073 2396 nou
1098 2333 1300 2401 'dubitemus-

125 2418 278 2506 aaSaepe
312 2439 387 2481 vero
420 2412 507 2502 quod
541 2439 581 2482 ex
605 2420 734 2483 'natura
768 2414 884 2502 obtigit
911 2417 1042 2503 generi,
1077 2420 1198 2508 speciei
1230 2438 1299 2487 usus

131 2528 136 2543 ¹
168 2503 309 2570 assumit.
328 2522 336 2537 ·’
362 2502 467 2581 Sane,
501 2511 538 2566 ut
563 2500 681 2568 Cicero
705 2503 767 2578 ait,
799 2503 899 2567 ononis
929 2502 1088 2568 divinandi
1126 2504 1242 2594 peritia
1269 2504 1300 2569 in

167 2587 249 2654 duas
270 2586 438 2653 distributa
459 2597 508 2652 est
525 2598 644 2673 partes.
694 2586 777 2652 Nam
799 2597 855 2652 aut
876 2587 964 2654 furor
986 2601 1050 2665 est,
1079 2599 1118 2663 ut
1140 2592 1174 2659 iu
1198 2588 1299 2659 vatici·

167 2673 367 2749 nationibus3
401 2683 457 2739 aut
478 2693 547 2744 ars.
578 2673 665 2739 utin
686 2670 905 2758 aruspicibus,
936 2674 1135 2759 auguribus,
1167 2674 1299 2764 genetli-

167 2759 255 2826 liacis
278 2770 311 2824 et
333 2758 491 2825 similibus.
534 2757 580 2825 Et
599 2758 680 2824 haec
700 2758 806 2822 omnia
828 2781 868 2823 ex
889 2779 925 2824 se
945 2757 1103 2845 pendent,
1135 2762 1212 2829 licet
1230 2782 1299 2851 pro·

125 2845 245 2934 sopriis
277 2843 395 2909 finibus
427 2840 658 2909 contineantur.
709 2843 805 2909 Unde
843 2843 994 2930 Virgilius
1026 2847 1133 2912 omnia
1169 2847 1202 2915 ei
1237 2846 1296 2926 dat,

168 2952 265 3019 quem
285 2929 349 2994 vult
373 2928 549 3015 perlectum
578 2927 726 3014 intelligi,
747 2940 802 2994 ut:
865 2972 869 2977 -
1197 2996 1200 3001 ,

255 3013 517 3098 Quitripodes,
547 3012 661 3097 Clarii
682 3014 818 3094 lauros,
848 3013 910 3101 qui
931 3013 1050 3078 sidera
1070 3015 1193 3093 sentis,

166 3184 197 3253 Ε
252 3099 304 3248 {dp
317 3097 496 3162 voluerum
514 3097 660 3186 linguas
681 3109 716 3163 et
735 3097 916 3187 praepetis
936 3100 1055 3164 omina
1071 3122 1223 3187 pennae.

199 3195 213 3254 t
243 3185 283 3250 ai
305 3182 334 3248 i:
880 3252 885 3259 ,
1291 3198 1295 3207 “

124 3292 162 3343 35
255 3268 321 3336 Cui
339 3264 510 3352 pecudum
520 3259 660 3349 fibrae,
690 3265 781 3330 caeli
800 3266 858 3331 cui
877 3265 995 3331 sideru
1013 3282 1158 3354 parent,
1274 3266 1286 3321 -'

251 3355 300 3420 Et
320 3350 499 3416 volucrum
521 3351 573 3415 lin
602 3372 668 3433 uae
688 3361 723 3414 et
744 3349 913 3440 praesagi
931 3347 1104 3436 fulminis
1123 3355 1236 3444 ignes.

167 3438 380 3530 Fulguritae,
414 3433 446 3499 id
468 3447 518 3502 est
538 3371 753 3521 fulguratores
784 3450 874 3504 erant
903 3432 969 3502 sire
984 3502 986 3509 ,
1000 3437 1055 3525 qui
1087 3438 1220 3529 fulgura
1244 3460 1295 3531 per

73 3552 76 3557 ·
166 3524 397 3596 incantationes
419 3521 602 3602 exciebant,
631 3522 697 3587 sive
717 3520 771 3610 qui
788 3520 839 3587 illa
860 3521 1052 3589 divinabant.

254 3615 306 3679 17.
348 3604 397 3672 Ad
427 3606 586 3673 Venerem
615 3620 739 3686 autem,
773 3628 814 3671 ue
845 3608 935 3673 nimis
964 3606 1074 3694 vagari
1102 3630 1295 3691 accusemur,

127 3696 286 3776 noabhinc
305 3704 510 3761 revertamur.
553 3690 690 3758 Hiemali
711 3705 854 3779 tempore
875 3692 1014 3759 omnium
1035 3716 1144 3761 rerum
1163 3696 1294 3786 pulchri-

168 3781 247 3851 tudo
268 3781 407 3870 quodam
431 3777 527 3844 exitio
558 3775 690 3866 deperit.
739 3776 835 3842 Unde
857 3780 938 3846 ficta
967 3791 1017 3844 est
1045 3778 1153 3847 sabula
1182 3782 1235 3849 illa
1260 3780 1296 3848 de

169 3866 281 3935 Adone
314 3880 347 3933 et
377 3864 522 3942 Venere,
562 3873 595 3929 ct
628 3886 648 3928 a
684 3863 835 3950 Remigio
871 3867 919 3932 sic
958 3865 1126 3937 elucidata.
1185 3869 1294 3947 Venus,

167 3953 287 4054 iuquit,
321 3950 465 4017 Adonem
499 3951 540 4014 ab
565 3971 583 4013 a
608 3969 645 4013 ro
666 3948 865 4016 intersectum
893 3948 971 4016 lusis
1000 3950 1135 4017 lacrimis
1167 3952 1302 4055 plangit,

167 4061 243 4126 qula
277 4048 384 4104 terrae
419 3971 639 4121 pulchritudo,
699 4057 761 4099 uae
795 4055 854 4124 per
893 4036 1052 4101 Venerem
1093 4037 1294 4124 significatur,

125 4121 291 4274 applangit
322 4121 438 4197 solem,
474 4120 528 4207 qui
562 4141 621 4208 per
648 4057 792 4186 Adonem
829 4117 1033 4207 designatur,
1073 4121 1116 4188 ad
1146 4122 1295 4197 australes

160 4210 252 4276 circu
263 4231 302 4276 os
322 4202 591 4290 descendentem,
609 4205 762 4295 spurcitia
783 4216 817 4273 et
835 4206 947 4293 rigore
966 4207 1092 4274 biemali
1110 4212 1203 4298 quasi
1222 4210 1293 4279 deu·

1308 37 1336 143 .

1328 1152 1336 1479 l
