2684 4606
125 162 232 289 'aaa
454 211 638 314 uana
666 212 716 285 n.
774 209 866 285 >rao
896 209 989 285 ror.

152 400 287 468 duceret
306 399 338 464 in
359 398 511 488 patriam,
543 398 710 479 Deianira„
741 399 849 467 videns
880 400 936 467 riri
963 400 1100 467 animum
1123 422 1144 467 a
1165 422 1202 469 se
1223 400 1290 467 alie-

151 510 244 568 num,
266 486 382 564 verita,
406 506 446 550 ne
468 485 497 550 ei
543 483 622 550 ellex
648 486 881 573 praeferretur,
902 486 1054 567 Herculi,
1082 486 1155 552 Jori
1176 489 1290 554 sacrifi-

87 598 90 603 ·
152 585 283 651 caturo,
323 570 463 638 tunicam
495 506 643 658 plicatam
676 571 765 640 dedit
794 594 852 660 per
883 571 1033 638 famulum
1061 573 1290 660 perferendam.

152 661 226 735 Qua
254 655 383 725 indutus
414 656 571 722 Hercules
591 678 688 745 quum
717 658 759 722 ad
781 681 817 723 ar
839 681 868 724 m
891 660 1095 736 accessisset,
1124 661 1220 728 restis
1248 661 1289 725 in·

126 745 265 825 ⁵caluit,
302 754 335 811 et
370 764 492 808 veneno
532 754 698 810 contracta
729 745 772 809 vis
842 746 900 811 bus
928 745 1039 810 haesit.
1089 744 1128 808 ln
1159 747 1321 827 marimo¹¹

150 834 259 919 itaque
281 829 426 895 cruciatu
450 849 547 916 quum
568 850 589 895 a
610 851 747 917 corpore
769 829 837 920 ejus
859 829 948 896 avelli
970 830 1138 932 nequiret,
1159 825 1290 899 Licham

148 916 301 984 famulum
333 915 471 982 muneris
506 934 597 981 reum
624 915 771 982 Euboico
800 917 879 982 mari
900 917 1062 990 immersrt.
1115 918 1222 991 Quem
1248 920 1290 983 in-

149 1003 279 1069 noxium
298 1001 412 1088 culpae
432 999 548 1067 Thetis
568 1000 662 1068 uertit
679 1000 710 1066 in
732 1002 907 1090 scopulum.
950 1002 1056 1077 Quum
1079 1014 1187 1070 autern
1212 1005 1289 1069 Her-

150 1088 237 1156 cules
266 1087 487 1165 intellexisset,
519 1084 561 1152 ad
588 1087 682 1156 vitam
704 1110 740 1154 se
762 1110 826 1154 non
847 1109 943 1177 posse
965 1086 1097 1165 reverti,
1128 1101 1162 1156 et
1185 1089 1291 1157 veneni

107 1176 333 1241 roaffioeretur
361 1171 528 1253 incendio,
563 1172 595 1239 in
621 1176 723 1240 Aetna
750 1186 859 1242 monte
885 1196 921 1238 ro
947 1196 1000 1241 urn
1020 1170 1197 1241 voluntarie
1219 1199 1290 1246 con-

148 1258 289 1342 scendit,
312 1260 413 1328 etsie
433 1261 516 1326 inter
539 1256 618 1325 deos
636 1258 806 1327 translatus
828 1269 889 1327 est.
968 1259 1090 1327 erculcs
1115 1284 1216 1350 quum
1236 1263 1288 1329 ho-

148 1348 265 1414 minem
292 1348 323 1412 in
354 1348 457 1413 Aetna
484 1356 593 1412 monte
621 1341 815 1434 deponeret,
850 1343 1036 1421 Philocteti,
1064 1347 1120 1433 qui
1156 1348 1217 1414 fnit
1251 1348 1288 1414 de
1325 1426 1327 1431 Ι

146 1433 306 1500 Meliboea
327 1431 453 1500 civitate
473 1429 678 1521 Thessaliae,
706 1430 857 1499 Poeantis
878 1431 962 1511 filio,
991 1430 1033 1497 de
1053 1433 1200 1499 omnibus
1223 1435 1289 1502 reli-

148 1519 229 1606 quiis
250 1519 315 1585 suis
344 1515 515 1596 intimavit,
547 1528 581 1584 et
607 1539 649 1582 ne
678 1516 771 1584 alicui
800 1517 843 1583 de
871 1539 1008 1606 corpore
1037 1539 1096 1584 suo
1124 1517 1288 1601 indicaret,

106 1614 222 1672 lbeum
237 1605 349 1695 jurare
370 1600 539 1692 compulit,
560 1602 653 1690 eique
672 1624 732 1691 pro
753 1623 885 1671 munere
906 1603 1059 1689 sagittas,
1081 1602 1206 1694 hydrae
1221 1608 1288 1676 felle

144 1692 278 1771 tinctas,
310 1689 448 1758 tradidit.
491 1689 613 1755 Postea
640 1689 783 1780 Trojano
809 1688 892 1777 ‚bello
920 1711 1107 1777 responsum
1131 1703 1199 1769 ost,
1231 1720 1287 1761 sc-

141 1777 251 1862 gr'ttis
283 1775 453 1841 Herculis
483 1796 502 1836 o
528 1795 569 1836 us
600 1796 672 1839 esse
720 1776 768 1838 ad
811 1774 937 1858 Trojae
981 1778 1286 1865 expugnationem.

142 1863 292 1929 Inventus
324 1862 434 1947 itaque
462 1857 658 1925 Piloctetes
696 1881 793 1947 quum
825 1860 925 1947 primo
954 1872 1106 1948 negaret,
1144 1886 1199 1943 se,
1235 1866 1285 1932 ubi

142 1946 303 2013 Hercules
327 1955 436 2022 esset,
455 1943 555 2022 scire,
580 1941 711 2011 tandem
740 1946 905 2012 confessus
928 1958 991 2024 est,
1025 1958 1185 2015 mortuum
1207 1974 1286 2019 esse.

98 2031 224 2098 mlnde
255 2054 353 2119 quum
380 2028 497 2095 acriter
520 2027 567 2095 ad
583 2029 787 2097 indicandum
811 2032 879 2123 ejus
901 2032 1081 2121 sepulcrum
1103 2050 1285 2122 cogeretur,

143 2117 227 2206 pede
249 2116 407 2204 percussit
427 2126 562 2195 terram,
594 2137 691 2202 quum
725 2117 820 2185 nollet
841 2117 959 2203 dicere.
1001 2119 1122 2185 Postea
1144 2144 1284 2211 pergens

142 2204 184 2269 ad
204 2204 335 2282 bellum,
358 2206 456 2291 quum
477 2210 622 2267 uteretur
643 2201 787 2290 sagittis,
816 2205 909 2271 unius
931 2225 1008 2289 casn
1032 2205 1214 2276 vulneratus
1235 2218 1285 2279 est

37 2354 39 2360 ,
141 2291 171 2354 in
200 2288 302 2378 pedo,
335 2311 398 2376 qno
428 2299 631 2373 percusserat
659 2290 823 2359 tumulum.
880 2290 973 2376 Ergo
1029 2313 1103 2356 uum
1139 2306 1283 2380 putarent
1317 2344 1327 2359 .-

140 2376 321 2443 insanabilis
343 2371 477 2440 vulneris
501 2375 620 2440 Graeci
642 2375 727 2442 ferre
749 2399 811 2442 non
834 2388 979 2463 possent,
1003 2313 1056 2441 lliu
1070 2379 1199 2465 quidem
1211 2406 1282 2449 eum
1325 2452 1327 2459 ,

98 2486 199 2551 25pro
222 2460 342 2527 oraculi
364 2457 554 2527 necessitate
575 2460 725 2541 ductum,
747 2460 876 2529 tandem
899 2460 983 2549 apud
998 2462 1158 2532 Lemnum
1179 2470 1284 2535 subla-

87 2594 91 2601 ·
118 2549 179 2616 ¹tis
208 2549 401 2636 reliquerunt
431 2545 566 2631 sagittis.
608 2547 675 2612 Hic
727 2561 817 2616 ostea
845 2546 978 2613 horrore
1006 2549 1054 2614 sui
1084 2552 1222 2622 vulneris
1243 2554 1283 2622 ad

139 2635 273 2721 patriam
294 2633 400 2709 redire
421 2630 578 2718 neglexit,
599 2630 657 2697 sed
677 2570 736 2697 silli
758 2655 885 2722 parram
908 2632 1052 2700 Petiliam
1066 2637 1099 2700 in
1114 2639 1283 2711 Calabriae

140 2722 281 2807 partibus
304 2719 390 2786 lecit.
417 2716 514 2784 Dicta
534 2728 641 2783 autem
662 2717 796 2800 Petilia,
818 2717 905 2805 quod
929 2731 1002 2822 post
1017 2719 1163 2796 relictum
1182 2725 1283 2809 Ilium,

138 2829 204 2895 quo
226 2803 405 2873 ducebatur
425 2824 445 2870 a
467 2803 620 2886 Graecis,
640 2824 713 2870 eam
731 2804 859 2891 petivit
881 2805 1047 2874 cirrtatem.

95 3047 133 3105 3⁰
283 2997 378 3075 166.
431 2995 625 3099 Asylum
662 3012 873 3099 nepotum
904 3004 1141 3080 Herculis.

222 3130 401 3218 Postquam
437 3126 595 3194 Hercules
622 3126 770 3215 migrarit
798 3152 817 3194 e
844 3132 954 3211 terris,
996 3133 1050 3200 filii
1082 3149 1282 3231 nepotesque

138 3216 207 3321 ejus
240 3216 387 3298 insidias,
416 3235 496 3302 quas
521 3214 590 3302 ipse
617 3237 694 3280 arus
719 3216 930 3294 conflaverat,
957 3218 1121 3302 timentes,
1151 3227 1281 3294 Athenis
1321 3250 1327 3350 y

139 3304 199 3370 srbi
222 3302 315 3392 primi
344 3300 483 3391 asylum,
511 3299 575 3367 hoc
603 3312 652 3367 est
681 3301 829 3390 templum
859 3303 993 3390 refugii,
1026 3307 1202 3388 fecerunt„
1220 3313 1280 3381 hae
1315 3318 1327 3383 ',

140 3391 214 3477 lege
244 3400 486 3469 consecratum,
516 3396 553 3452 ut
577 3408 779 3475 quocumque
801 3388 931 3455 crimine
953 3411 1027 3457 reus
1048 3392 1090 3459 ad
1111 3394 1146 3461 id
1168 3400 1278 3465 conlu-
1314 3390 1327 3471 l,

97 3486 252 3563 35geret,
272 3478 313 3542 ab
337 3473 421 3540 omni
443 3494 526 3538 nore
545 3470 624 3537 liber
642 3486 738 3554 esset,
758 3473 924 3562 nullusque
942 3498 1013 3542 eum
1028 3477 1103 3546 inde
1116 3481 1279 3551 abducere
1315 3474 1327 3531 '5

141 3560 282 3629 auderet.
325 3560 391 3627 Ubi
424 3569 458 3625 et
489 3558 622 3625 Orestes
651 3570 808 3639 extremo,
840 3561 942 3627 amico
970 3562 1095 3651 Pylade
1124 3569 1293 3651 trahente!

139 3649 281 3735 resipuit.
321 3646 452 3713 Dictum
489 3655 594 3711 autern
627 3642 732 3711 volunt
758 3644 899 3734 asylum,
932 3650 1021 3736 quasi
1052 3674 1073 3718 a
1102 3674 1171 3718 non
1203 3667 1305 3725 tra·.

140 3733 250 3797 hendo
271 3731 430 3818 spolium.
471 3729 548 3795 Hoc
568 3740 675 3796 autem
695 3730 856 3817 religionis
873 3731 926 3822 jus
949 3756 1014 3800 non
1034 3736 1117 3806 inest
1135 3742 1276 3823 omnibus

141 3817 284 3906 templis,
314 3815 371 3884 sed
398 3815 513 3904 quibus
534 3837 721 3883 concessum
745 3829 794 3886 est
814 3817 889 3906 lege
910 3825 1167 3894 consecrationis.

88 4046 135 4117 '40
505 4024 597 4101 167.
650 4028 920 4111 Phorcus.

227 4151 393 4235 Phorcus,
422 4155 576 4223 Thoosae
605 4156 636 4223 N
690 4161 773 4248 phae
800 4178 832 4232 et
854 4164 994 4254 Neptuni
1018 4165 1119 4244 tilius,
1142 4188 1199 4234 rex
1221 4164 1274 4232 tutt
1324 4178 1326 4213 ¹

145 4238 299 4306 Corsicae
330 4249 361 4307 et
389 4240 564 4311 Sardiniae.
624 4178 817 4336 diligam
841 4254 887 4325 ¹ab
917 4250 1041 4321 Atlante
1070 4258 1157 4339 rege
1179 4249 1272 4321 navali
1324 4260 1327 4289 ¹
