2684 4606
129 184 219 263 svnt
318 252 321 257 ι
567 182 856 244 PROOEMIUM.
972 184 977 207 '

130 380 219 453 epuns
240 352 390 426 editores
410 348 538 432 ‘adbuc
576 352 614 422 in
646 351 830 431 auxilium,
855 360 1047 447 vocarunt3
1086 379 1130 426 ex
1167 345 1257 453 coqu

129 446 325 535 emendavit
348 478 425 551 cap.
467 448 523 524 22
554 480 595 551 p.>
617 448 701 527 954
734 454 836 527 Stav.
874 452 917 528 do
945 465 1068 528 octava
1108 456 1257 529 Herculi

106 560 286 631 'victoria
351 554 425 628 Hic
459 566 573 627 autem
591 608 596 613 -
612 552 753 627 'Albuci
788 553 899 628 codex
937 580 1008 628 nou
1041 569 1092 628 est
1130 555 1257 632 dubius

130 662 217 760 quin
242 687 262 731 u
287 654 544 760 mytbograpbo
570 651 723 730 secundo
746 653 853 730 tuero
877 655 1146 731 diversissimus:
1179 653 1198 669 ''

230 840 315 914 dam
335 842 370 912 in
396 839 675 940 recognoscenda
694 837 939 938 mytbograpbi
960 842 1061 937 primi
1090 857 1125 917 et
1149 870 1257 919 secun

131 943 168 1016 di
193 944 347 1016 oratione
370 942 456 1041 quid
483 944 620 1017 consilii
642 953 782 1016 secutus
797 943 877 1034 sim,
903 965 1007 1039 quam
1034 947 1140 1037 viam,
1166 972 1257 1044 quen

126 1046 232 1119 finem
265 1043 351 1117 mibi
384 1044 696 1144 praescripserim··‚
740 1046 863 1141 paucis
905 1043 973 1117 erit
990 1075 994 1096 ·
1009 1047 1256 1145 explicandum

126 1142 249 1244 Itaque
282 1173 390 1245 quum
426 1144 592 1246 majorem
629 1144 754 1217 barum
784 1143 982 1218 fabularum
1009 1161 1142 1245 partem
1177 1156 1256 1248 epdr

131 1248 295 1322 Servium
333 1248 482 1347 quoque'
513 1259 548 1322 et
588 1246 815 1347 Fulgentium
846 1247 917 1347 legi
950 1248 1195 1351 intellexissem
1216 1250 1249 1353 ‘l

127 1349 254 1422 horum
290 1351 498 1449 seriptorum
530 1349 658 1451 aupilia
689 1373 779 1447 quae
811 1356 940 1423 vocant
974 1354 1093 1425 critica
1119 1355 1253 1437 eirouur

127 1454 262 1549 spicere
288 1454 414 1551 coepi,
448 1461 487 1525 ut
517 1451 648 1526 rivulos
679 1449 761 1524 inde
786 1451 823 1523 in
848 1476 926 1525 mea
951 1451 1143 1526 derivarem
1170 1448 1252 1529 arie

126 1552 186 1625 Ae
222 1557 374 1652 qrimum
404 1551 545 1651 quidem
587 1552 870 1650 praestantissimi
888 1552 1038 1631 ·codiois
1077 1554 1251 1631 Fuldensi

126 1655 327 1728 conserendi
351 1658 451 1753 copia
478 1654 564 1727 mibi
590 1654 681 1726 faeta
706 1678 779 1727 non
803 1662 879 1746 est,
904 1657 969 1727 etsi
994 1657 1142 1729 multum
1168 1657 1249 1743 labe

125 1758 175 1827 ris
200 1758 237 1826 in
262 1776 304 1830 eo
326 1781 389 1855 per
409 1755 542 1828 litteras
563 1754 610 1826 ad
643 1754 764 1853 plures
781 1756 890 1828 uiros
916 1752 1036 1830 doctos
1067 1759 1248 1833 missasin

126 1857 328 1956 vestigando
370 1857 638 1930 consumserim.‘
695 1853 868 1929 Codicum
907 1867 1023 1930 autem
1055 1854 1227 1938 Guelferb

130 1972 289 2032 tenorum
313 1984 415 2031 usum
440 1958 510 2030 diei
534 1959 594 2032 vix
627 1967 741 2054 potest
772 1969 902 2053 quanta
934 1957 1147 2034 humanitate
1181 1886 1247 2037 mil

126 2062 337 2134 concesserit
359 2058 682 2151 Seboenemunaus,
711 2056 942 2132 bibliothecae
970 2056 1244 2162 Guelferbytam

53 2159 56 2165 ’
127 2160 325 2260 praelectus
366 2160 629 2250 celeberrimus,
677 2158 773 2233 mibi¹
813 2157 1057 2235 amicissimus.
1120 2164 1243 2241 Dictru

10 2288 12 2292 ⁴
127 2276 181 2335 est
205 2262 249 2357 de
274 2263 350 2355 iis‚'
366 2273 406 2337 ut
431 2261 475 2345 de
496 2261 640 2360 reliquis
657 2259 786 2360 quibus
809 2263 864 2335 usi
887 2288 1008 2337 sumus
1029 2262 1129 2340 libris
1158 2276 1241 2341 man

125 2367 296 2457 exaratis,
322 2367 361 2437 in
390 2364 505 2438 indice
530 2363 690 2457 codicum
718 2364 810 2437 notis
835 2365 965 2455 criticis
999 2366 1166 2463 praefixe.
1218 2368 1240 2447 l

126 2467 322 2567 colligenda
346 2492 430 2542 vero
453 2464 612 2542 lectionis
636 2468 801 2540 varietate
828 2468 875 2541 iu
902 2479 1059 2543 versam
1083 2496 1184 2564 sum,
1224 2496 1239 2547 r

123 2596 195 2642 non
227 2571 386 2668 potiones
417 2579 554 2645 tantum
596 2566 845 2666 discrepantias
885 2573 1139 2667 excerpserim‚
1183 2570 1238 2647 sed

82 2739 88 2748 ,
124 2696 232 2768 quum
263 2672 401 2746 codices
424 2669 537 2746 bonae
561 2670 631 2743 sint
654 2679 781 2760 nome,
812 2694 933 2743 omnes
966 2673 1081 2769 potius
1104 2675 1237 2773 exscrip

10 2790 14 2799 ·
123 2774 225 2844 serim
251 2772 441 2864 lectiones,
478 2772 581 2844 etiam
613 2770 798 2845 manifesto
824 2769 951 2864 fabas,
994 2774 1031 2845 in
1067 2775 1190 2874 primis
1222 2776 1236 2857 i

122 2872 320 2947 nominibus
360 2873 534 2971 propriis,
569 2896 659 2970 quae
688 2870 809 2971 Mejus
849 2871 895 2947 ed
932 2872 1062 2948 codicis
1098 2874 1235 2969 Yaticer

121 2973 226 3048 tidem
262 2973 485 3074 exprimenda
517 2968 682 3071 curavit,
723 2999 941 3073 pirorumque
967 2992 1097 3076 'magna
1130 3002 1219 3075 pars,

109 3076 258 3176 ¹vulgari
277 3074 457 3151 scribendi
478 3068 610 3149 ratione
634 3072 818 3168 abhorret,
852 3087 891 3149 ut
913 3074 990 3150 lieri
1012 3077 1100 3153 solet
1117 3080 1162 3181 ⁸iu
1184 3078 1233 3183 plt

121 3181 239 3277 risque
263 3178 362 3252 libris
383 3202 492 3257 manu
515 3177 668 3275 scriptis.
721 3177 821 3252 Hinc
844 3175 1044 3277 apparebit,
1068 3181 1172 3256 etiam
1196 3206 1231 3283 op

120 3282 214 3353 timis
237 3278 415 3373 codicibus
447 3281 485 3353 in
508 3277 565 3352 bis
591 3276 697 3354 rebus
722 3278 779 3354 vel
807 3280 941 3355 nullam
974 3279 1179 3383 plerumque
1203 3310 1230 3363 n

5 3406 8 3411 ·
120 3383 281 3480 exiguam
320 3392 455 3457 tantum
493 3371 714 3456 tribuendam
733 3436 736 3443 ,
758 3407 834 3457 esse
873 3384 1135 3479 auctoritatem,
1177 3388 1230 3487 qu'

121 3484 361 3583 unusquisque
384 3509 483 3581 suam
508 3508 575 3557 nee
597 3494 813 3561 constantem
834 3481 975 3584 quidem
1004 3487 1160 3584 sequitur
1194 3486 1228 3577 b,

121 3612 200 3658 rum
224 3590 403 3660 nominum
435 3583 699 3662 scribendorum
724 3589 905 3663 rationem.
959 3585 1032 3659 vix
1064 3599 1180 3661 autem
1210 3612 1227 3675 a

19 3734 46 3745 --
120 3699 253 3761 certum
296 3689 448 3789 aliquem
484 3686 590 3765 linem
621 3691 779 3769 revecari
815 3688 941 3789 poterit
982 3712 1039 3763 ars
1073 3690 1226 3771 critical

203 3964 231 4056 ·)
251 3964 330 4034 viu.
354 3967 502 4061 eaung.
526 3970 590 4062 ga.
613 3970 700 4039 nn.
725 3964 814 4034 rese
835 3966 952 4057 posu
975 3976 1008 4030 a
1028 3946 1115 4031 rsa
1135 3990 1170 4117 p.
1194 3966 1223 4031 a

25 4092 28 4097 -
97 4042 282 4140 vulgentii
310 4055 405 4122 codd.
441 4056 529 4146 apud
550 4055 663 4123 Ebert.
689 4061 767 4118 sunt
797 4049 858 4117 Nr.
883 4052 958 4137 tot.
983 4051 1049 4117 358
1077 4075 1111 4141 p.
1158 4054 1222 4116 3s

116 4134 338 4227 Corrigendus
351 4138 511 4209 enim-est
530 4140 630 4207 index
649 4137 798 4207 codicum
820 4136 906 4205 notis
929 4137 1061 4206 triticis*
1073 4138 1221 4229 praelixrr'

101 4220 174 4289 ubi
193 4247 364 4318 perperam
385 4227 506 4321 legitur
533 4225 594 4297 Νι.
615 4228 695 4298 lllll·
718 4224 796 4293 Md.
