2692 4606
395 176 580 278 Mptlmgr.
609 177 642 249 1.
698 173 724 246 7
744 170 879 251 -10,

290 380 356 464 Ὺ.
397 392 549 466 -Ceres
583 401 628 465 et
658 392 951 492 Proserpina.

150 521 255 588 Ceres
282 544 381 608 qaum
404 530 529 608 raptam
560 542 579 584 a
608 518 747 588 Plutone
777 520 1005 610 Proserpinam
1030 519 1086 587 diu
1106 544 1204 610 quae·

61 609 175 684 sisset,
205 605 337 674 tandem
370 606 410 673 ali
433 605 540 672 uando
572 627 644 670 eam
679 629 751 673 esse
779 607 865 696 apud
891 608 1011 674 inferos
1040 609 1203 697 comperit

60 695 133 761 Pro
153 712 218 782 qua
238 714 276 758 re
296 715 395 781 qaum
411 630 504 759 (lovis
524 691 726 779 implorasset
745 693 912 771 auxilium,
944 694 995 759 ille
1028 693 1203 784 respondit,

60 802 161 869 pesse
182 801 254 846 cam
275 779 412 851 reverti,
432 777 459 844 si
478 777 553 845 nihil
569 776 656 865 apud
670 776 791 846 inferos
807 791 977 867 gustasset.
1020 780 1078 847 Illa
1096 795 1228 848 autema

87 864 174 933 aniel
200 856 275 953 mali
305 864 337 930 in
368 863 477 952 Elysio
508 884 613 951 grana
641 870 836 952 gustaverat.
880 867 987 940 eram
1014 888 1083 933 rem
1106 871 1205 934 Asca-

61 891 195 1041 laphus,
225 951 337 1038 Stygis
366 949 467 1032 filius,
497 947 647 1038 prodidit.
689 950 770 1017 Ideo
790 950 985 1038 Proserpina
1007 951 1049 1017 ad
1071 952 1206 1042 superos

61 1058 213 1104 remeare
239 1059 304 1102 non
335 1036 448 1125 potuit.
503 1036 596 1101 Sane·
625 1035 728 1102 Ceres
755 1047 869 1126 postea
893 1038 1052 1106 meruisse
1080 1039 1205 1120 dicimr,

62 1136 100 1193 ut
131 1123 236 1190 Prose
274 1123 328 1187 ina
367 1144 424 1188 sex
460 1132 548 1188 esset
579 1142 654 1187 cam
685 1133 802 1189 matre·
823 1124 1002 1197 mensibus,
1038 1147 1095 1191 sex
1131 1148 1204 1192 eum

61 1210 189 1278 marito.
236 1145 346 1283 Γὅιιοὰ
375 1206 450 1273 ideo
477 1207 626 1295 fingitur,
662 1209 737 1296 quia
772 1209 968 1297 Proserpina
995 1211 1067 1298 ipsa
1093 1223 1144 1280 est
1171 1222 1248 1279 etto
1295 1288 1297 1293 ,

26 1302 30 1307 ’
62 1296 155 1376 luna,
184 1316 270 1385 quae
289 1304 359 1360 toto
380 1314 464 1359 anno
484 1315 541 1358 sex
562 1293 723 1362 mensibus
745 1295 877 1377 erescit,
907 1318 964 1360 sex
987 1296 1111 1378 delicit,
1142 1280 1205 1363 sci·

60 1383 139 1449 licet
160 1383 227 1468 par·
239 1377 382 1467 singulos
402 1400 529 1445 menses
553 1375 721 1464 quindenis
743 1379 874 1462 diebus:
896 1384 931 1448 u't
950 1403 1099 1449 crescens
1118 1382 1206 1471 apud
1301 1386 1323 1457 ,’

62 1468 216 1558 superes,
248 1477 282 1534 et
302 1465 457 1532 deficiens
476 1463 564 1554 apud
584 1463 705 1534 inferos
725 1464 901 1559 videntum

282 1690 323 1765 8.
377 1688 541 1764 Celeus
575 1692 982 1790 et'l'riptolemus.
1086 1674 1126 1683 '⁵
1251 1778 1256 1787 ,

147 1819 274 1889 Eleusis
306 1818 415 1886 civitas
445 1830 495 1886 est
529 1813 655 1889 Atticae
687 1819 885 1909 provinciae,
919 1818 1007 1886 baud
1038 1818 1136 1907 longe
1163 1821 1204 1888 ab
1212 1840 1247 1890 to

61 1906 205 1976 Athenis.
226 1906 264 1972 In
274 1927 337 1992 qua
350 1927 447 2007 quum
460 1904 614 1991 regnaret
624 1903 752 1984 Celeus,
772 1916 806 1973 et
819 1907 985 1984 Cererem,
999 1917 1205 1994 quaerentem
1252 1966 1258 1989 ,

60 1995 175 2075 filiam,
204 1991 420 2057 liberalissime
441 1992 636 2079 suscepisset
661 1989 818 2080 hospitio,
847 1991 898 2058 illa
930 2015 989 2080 pro
1018 2013 1214 2060 remunera·
1257 1998 1259 2005 ’

60 2082 151 2147 tione
175 2078 314 2145 ostendit
334 2077 363 2142 ei
385 2098 480 2143 omne
497 2098 602 2163 genus
626 2075 863 2163 agriculturam
888 2075 986 2149 filium
1016 2079 1113 2147 etiam
1136 2078 1206 2166 ejus
1299 2116 1302 2122 ·

27 2201 30 2204 >
61 2164 314 2253 Triptolemum,
351 2183 466 2228 recens
497 2174 623 2244 natum,
657 2183 717 2249 per
744 2174 872 2230 noctem
899 2165 978 2251 igne
1010 2163 1105 2242 sevit,
1146 2185 1206 2252 per
1269 2218 1273 2223 .

10 2250 16 2262 '
61 2251 148 2317 diem
170 2250 274 2318 divino
295 2247 379 2314 lactc
407 2247 554 2329 nutrisit3
574 2259 608 2315 et
630 2269 723 2329 eum,
758 2249 847 2319 alatis
869 2248 1069 2338 serpentibus
1092 2271 1249 2338 super-20

60 2337 219 2426 positum,
240 2357 298 2425 per
320 2345 423 2402 totum
451 2334 564 2403 orbem
591 2333 676 2402 misit
702 2330 864 2405 delusum
893 2335 1124 2411 frumentorum
1146 2336 1204 2401 bo-

58 2423 198 2491 minibus
215 2419 430 2491 indicandum.

363 2637 404 2715 9.
452 2640 582 2743 -Ceyx
615 2645 652 2714 et
682 2576 906 2735 Alcyone.

21 2786 25 2790 ·
151 2766 258 2856 Ceyx,
285 2766 367 2841 filius
389 2767 551 2849 Luciferi,
581 2765 694 2835 habuit
713 2786 846 2836 uxerem
867 2767 924 2835 Alc
937 2789 1050 2836 suem.
1091 2770 1206 2858 Aqua

17 2901 27 2920 -.
62 2874 163 2942 quum
190 2852 366 2941 prohibitus
401 2866 488 2922 esset
520 2851 563 2919 ad
596 2848 826 2920 consulendum
852 2791 1027 2942 Apollinem
1050 2851 1092 2918 de
1119 2867 1246 2928 statues

61 2938 158 3026 regni
180 2939 245 3020 sui,
275 2940 446 3028 naufragio
468 2939 571 3029 periit.
615 2938 716 3030 Cujus
743 2961 861 3026 corpus
885 2963 983 3028 quum
998 2940 1048 3006 ad
1072 2963 1205 3007 uxorem

60 3023 236 3114 Alcyonem
267 3024 380 3093 fuisset
408 3025 566 3107 delatum,
603 3023 657 3091 illa
688 3046 736 3101 se,
747 3026 972 3126 praecipitarit
998 3028 1031 3093 in
1059 3027 1205 3114 pelagus.

61 3111 187 3177 Postea
213 3109 415 3179 miseratione
442 3110 592 3180 Thetidis
621 3121 655 3177 et
673 3109 819 3176 Luciferi
850 3114 993 3179 conversi
1015 3123 1090 3179 sunt
1110 3115 1205 3179 ambo

62 3196 97 3261 in
119 3219 195 3263 ares
213 3197 369 3280 marinas,
398 3221 483 3287 quae
510 3198 661 3288 alcyones
682 3206 848 3263 vocantur.
860 3212 873 3293 s
890 3199 976 3267 Istae
1001 3210 1108 3265 autem
1129 3222 1204 3265 aves

62 3280 157 3349 nidos
184 3282 303 3351 faciunt
323 3285 356 3350 in
376 3285 457 3351 mari
477 3284 584 3351 media
604 3283 729 3364 hieme3
764 3284 879 3385 quibus
908 3283 1022 3351 diebus
1046 3294 1133 3353 tanta
1155 3296 1247 3354 esta'o

61 3369 290 3470 tranquillitas,
323 3381 359 3437 ut
390 3371 517 3459 penitus
545 3371 579 3435 in
607 3368 686 3434 mari
717 3367 792 3435 nibil
821 3371 922 3458 possit
953 3371 1081 3437 moveri.
1100 3392 1101 3395 ’
1122 3368 1204 3438 Inde

63 3467 99 3522 et
119 3452 188 3522 drea
206 3456 272 3545 ipsi·
287 3455 453 3545 alcyonic
477 3456 688 3555 nominantur.

373 3660 440 3738 10.
495 3662 634 3739 Ceres
668 3674 712 3737 et
742 3624 892 3763 Lycii.
1020 3683 1025 3693 '

149 3787 258 3864 Quum
293 3789 397 3875 Ceres
428 3790 526 3860 filiam
557 3812 648 3861 suam
676 3790 904 3879 Proserpinam
935 3802 1121 3881 quaereret,
1162 3784 1205 3856 ad

60 3875 265 3943 relevandam
296 3877 378 3945 sitim
408 3878 546 3944 accessit
575 3876 618 3943 ad
639 3875 800 3966 quendam
822 3877 951 3945 fontem.
977 3878 1091 3944 .'Punc
1111 3875 1248 3961 Lyciiss

59 3961 190 4042 rustici,
223 3985 243 4028 a
270 3975 349 4050 potu
379 3987 450 4047 eam
475 3962 699 4051 prohibentes,
734 3984 848 4051 aquam
870 3961 1005 4050 pedibus
1029 3965 1198 4031 conturba·

59 4058 185 4115 verunt
228 4048 360 4138 Lyncus
387 4063 500 4117 autem
532 4071 631 4153 quum
668 4060 780 4116 contra
816 4071 888 4115 eam
925 4061 1052 4201 turpem
1091 4070 1205 4115 sonum

60 4135 253 4212 emitteret,
271 4134 323 4201 illa
343 4137 426 4215 irata
448 4158 522 4202 eum
544 4157 577 4202 tn
598 4135 750 4224 Scythia,
782 4135 837 4200 ubi
860 4134 976 4224 'Pripto
989 4159 1094 4203 emum
1119 4134 1206 4200 occi-

33 4296 39 4303 ,
58 4220 143 4289 dere
163 4220 344 4304 voluerant,
367 4222 403 4290 in
420 4222 544 4311 lyncem
566 4220 672 4289 seram
695 4220 865 4301 convertit,
966 4271 970 4275 .

731 4333 800 4400 1.
