2684 4606
133 200 188 278 so
451 196 634 298 ornam.
662 194 695 268 1.
750 191 846 269 rra.
870 188 960 269 rra.

155 388 208 452 ina
234 404 309 452 sero
337 379 441 462 diota,
472 382 547 469 quia
575 403 614 448 ox
645 388 696 446 eo'
709 362 919 467 proserpant
948 375 1069 475 fruges.
1103 372 1216 476 ..Haec
1240 376 1273 438 et

134 412 234 539 llesta
267 468 402 548 dicitur,
448 469 522 553 quia
559 467 665 534 herbis
704 465 752 530 vel
793 465 885 532 variis
922 472 1051 527 vestzta
1087 470 1129 527 srt
1154 458 1274 559 rebus.

81 606 88 613 -
134 558 239 625 Diana
265 556 359 621 etiam
388 551 503 620 eadem
525 564 592 634 est,
627 551 718 640 quasi
738 548 891 629 Daana,
917 549 992 636 quia
1012 545 1086 612 luna
1109 554 1143 611 et
1165 541 1219 607 dre
1241 553 1277 635 et

136 655 233 710 noete
260 664 300 731 ap
325 649 423 707 areat.
464 640 572 728 Ipsam
595 639 689 706 etiam
710 636 866 703 Lucinam
891 642 1093 731 asseverant,
1123 651 1164 696 eo
1185 626 1275 731 quod

109 730 262 793 eluceat.
303 664 452 793 llandem
473 736 506 793 et
527 720 687 803 Triviam,
708 744 748 787 eo
769 719 856 809 qnod
879 717 993 784 trabas
1015 718 1168 805 fungatur
1188 718 1276 801 hgn-

135 814 198 893 ris;
237 811 278 877 de
308 834 373 899 quo
401 811 570 899 Virgilius:
608 809 696 874 Tria
724 806 879 894 virginis
909 826 972 866 ora
1001 802 1165 881 Dionae3
1199 800 1277 887 quia

135 896 386 969 eademnam,
431 896 544 964 eadem
579 895 703 973 Diana,
747 889 862 960 eadem
898 888 1096 977 Proserpina
1132 897 1276 952 vocatur.

136 985 230 1050 llaec
252 993 286 1050 et
306 982 445 1049 Latonia
474 984 566 1069 virgo
590 979 705 1047 dicitur
726 999 747 1045 a
771 986 875 1047 matre
895 974 1042 1057 Latona3
1072 983 1106 1067 et
1125 968 1278 1041 Plutonia

136 1069 262 1159 conjux.
306 1070 435 1135 Graece
456 1069 583 1136 Hecate
605 1066 729 1134 dicitur.
890 1066 895 1077 ’

94 1309 129 1359 ,0
405 1288 407 1293 ’
539 1263 629 1343 115.
672 1265 874 1368 Apollo.

222 1415 420 1505 Apollinem,
460 1413 557 1481 lilium
590 1414 697 1495 Joris,
728 1416 860 1483 fratrem
891 1412 1036 1493 Dianae,
1071 1411 1180 1479 Solem
1212 1409 1278 1478 diei

137 1500 311 1569 voluerunt
354 1501 454 1567 Hunc
481 1512 514 1568 et
535 1497 733 1569 divinationis
760 1500 857 1567 deum
908 1509 1022 1579 orrunt,
1052 1495 1205 1587 eoquod
1226 1496 1278 1565 sol

136 1588 242 1655 omnia
271 1590 409 1654 obscura
440 1585 621 1653 manifestet
648 1588 682 1652 in
710 1586 823 1655 lucem.
876 1522 986 1653 lolem
1017 1594 1124 1651 autem
1152 1582 1278 1667 dicunt,

136 1673 227 1761 quasi
257 1672 379 1739 solam.
432 1670 542 1756 ipsum
571 1672 740 1752 Titanem,
782 1670 872 1760 quasi
900 1692 997 1737 unum
1026 1691 1065 1735 er
1094 1668 1279 1749 Titanibus,

96 1762 192 1848 15nui
227 1757 379 1823 adversus
411 1756 524 1825 Jorem
558 1779 621 1823 non
656 1757 741 1824 lecit
806 1760 915 1846 ipsum
948 1756 1140 1837 Phoebum,
1184 1755 1279 1861 quasi

136 1841 321 1932 ephebum,
343 1842 406 1908 hoo
426 1854 478 1911 est
491 1841 760 1924 adolescentem
780 1842 867 1910 unde
887 1854 922 1911 et
943 1839 1000 1908 Sol
1021 1863 1101 1930 puer
1143 1840 1175 1907 iu
1213 1853 1279 1923 tur,

136 1952 177 1996 eo
206 1928 292 2015 quod
323 1926 464 2015 quotidie
492 1927 612 1993 oriatur
640 1938 673 1995 et
699 1950 782 1994 nora
809 1927 881 1995 luce
910 1937 1068 1994 nascatur.
1121 1864 1190 2017 l²yr
1212 1926 1280 1995 'um

137 2036 266 2104 quoque
298 2011 435 2079 eundem
475 2011 648 2102 Apollinem
690 2026 806 2081 vocant
846 2036 867 2081 a
895 2013 1065 2103 Pythone,
1102 2011 1280 2081 immensae

66 2158 70 2164 .
136 2099 228 2167 molis
259 2110 428 2189 serpente,
466 2122 562 2190 quem
589 2096 721 2189 Apollo,
755 2097 945 2189 sagittarum
975 2099 1091 2166 ictibus
1120 2110 1308 2181 sternens,-

96 2184 273 2260 20nominis
313 2204 443 2273 qnoque
479 2184 581 2289 spolia
619 2186 811 2274 reportavit,
859 2196 894 2254 ut
926 2184 1060 2275 Pythius
1097 2197 1278 2253 vocaretur.

109 2274 117 2319 *1
138 2271 226 2359 Huic
270 2292 376 2359 noque
396 2270 589 2375 quadrigam
610 2270 813 2352 adscribunt,
841 2269 924 2340 illam
947 2272 990 2337 ob
1013 2292 1160 2351 causam,
1182 2270 1279 2360 'quod

138 2293 317 2446 quadrilido
348 2356 445 2425 limite
474 2357 537 2424 (lies
569 2358 716 2427 metiatur
748 2359 906 2448 spatium3
944 2355 993 2422 rel
1022 2355 1110 2443 qnod
1161 2370 1280 2427 uutuor

138 2454 212 2513 aunt
232 2454 378 2532 tempora
399 2442 482 2508 anni.
526 2444 674 2520 Quatuor
691 2467 846 2533 equorum
865 2440 949 2511 Solis
969 2443 1112 2509 nomina:
1138 2381 1278 2524 Aethon,

139 2530 293 2616 Lampus,
314 2529 513 2620 Erythraeus
529 2541 562 2599 et
575 2531 760 2619 Philogens.
795 2532 995 2619 Erythraeus
1008 2528 1138 2595 Graece
1152 2526 1281 2594 rubens

97 2615 274 2693 aedicitur,
307 2639 346 2681 eo
374 2615 461 2703 quod
489 2615 535 2682 sol
565 2620 717 2685 matutino
745 2616 863 2681 lumine
892 2612 1087 2681 rubicundus
1113 2626 1280 2701 exsurgat.

138 2701 281 2780 Aethon,
313 2700 513 2789 splendens3
541 2702 685 2791 Lampus
713 2723 790 2769 vero
816 2702 955 2767 ardens.
998 2699 1175 2788 Philogeus
1203 2711 1280 2765 ter-

139 2808 218 2889 ram
244 2808 368 2936 popone
397 2784 531 2868 dicitur,
564 2811 605 2854 eo
627 2786 714 2876 quod
741 2810 875 2878 vespere
898 2785 1067 2855 occasibus
1089 2786 1137 2855 sol
1156 2807 1280 2877 pronus

138 2892 245 2937 ancum
269 2892 287 2935 a

459 3058 549 3139 ild.
603 3066 768 3147 Novem
800 3067 968 3145 Musae.

100 3233 137 3282 30
216 3205 350 3309 .N⁰'3¹¹l
383 3206 493 3276 Musas
530 3212 662 3300 Apollini
700 3214 874 3302 deputant,
914 3214 1015 3303 ipsum
1041 3240 1081 3284 ue
1118 3215 1297 3305 decimam

142 3293 242 3359 Musis
256 3290 424 3382 adpetunt,
446 3295 521 3383 quin
543 3298 701 3383 humanae,
715 3301 805 3367 noeis
828 3299 941 3366 decern
958 3242 1172 3371 modulamina
1192 3318 1280 3373 sunt.

140 3380 187 3446 Et
213 3378 295 3477 haec
324 3379 450 3445 nomina
474 3395 507 3449 et
527 3384 801 3475 interpretationes
829 3386 1011 3457 Musarum:
1050 3390 1140 3469 Clio,
1177 3390 1211 3456 id
1229 3406 1283 3461 est

142 3475 298 3551 cognatm
340 3468 557 3552 quaerendae
597 3473 785 3554 scientiae,
835 3494 918 3561 quae
960 3476 1080 3564 reperit
1119 3474 1281 3545 historias.

141 3548 304 3637 Euterpe,
331 3548 364 3615 id
394 3562 444 3617 est
470 3550 552 3618 leae
576 3556 770 3640 delectans,
800 3580 884 3645 qnae
912 3559 1004 3628 tibias
1030 3561 1156 3628 invenlt.
1199 3562 1283 3629 Mel-

102 3658 301 3721 35pomene,
344 3634 378 3701 id
412 3649 463 3705 est
492 3639 754 3708 meditationem
779 3642 941 3730 jaciens,
980 3662 1064 3735 quae
1092 3648 1284 3735 tragoedias

144 3718 253 3787 edidit.
304 3720 438 3802 unalia,
473 3722 507 3789 id
537 3740 587 3799 est
612 3728 809 3815 capacitas,
842 3752 930 3903 puae
956 3730 1139 3801 comoedias
1169 3732 1286 3807 edidit.

143 3806 326 3895 Polymnia,
356 3806 462 3883 idest
486 3811 603 3875 nzulta
630 3834 820 3879 memorare
866 3816 1001 3898 aciens,
1030 3842 1114 3907 quae
1140 3818 1284 3891 rhetori-

144 3913 215 3958 cam
239 3892 362 3958 invenit.
404 3892 526 3975 Erato,
554 3895 588 3961 id
609 3908 658 3964 est
680 3896 858 3964 inveniens
877 3902 1009 3984 simile,
1038 3927 1122 4003 quae
1142 3926 1283 3993 geome-

144 3978 238 4043 triam
265 3978 391 4064 reperit.
434 3980 668 4070 Terpsichore,
696 3981 730 4048 id
758 3996 807 4051 est
833 3985 1008 4052 delectans
1036 3994 1285 4079 instructione,

102 4083 229 4150 eaquae
258 4064 440 4151 psalterium
468 4066 609 4137 instituit.
664 4068 801 4154 Urania,
839 4069 872 4139 id
903 4083 953 4139 est
982 4074 1162 4176 caelestia,
1194 4101 1283 4169 quae

142 4148 349 4246 astrologiam
372 4152 503 4251 invenit.
547 4154 709 4245 Calliope,
738 4155 772 4225 id
800 4167 850 4227 est
875 4158 1028 4249 optimae
1055 4182 1166 4249 vocas,
1194 4189 1284 4257 quae

123 4231 252 4301 atteras
280 4234 401 4306 decurt.
1162 4266 1169 4283 ⁹
