2684 4606
332 166 525 269 uynoge
545 167 598 241 11.
639 110 955 255 ἰω-191,
1126 165 1205 243 ur
1331 162 1335 175 ·

440 355 534 432 187.
606 354 823 430 Oebalus.

142 483 285 554 Oebalus
305 485 386 559 filius
408 485 468 554 fuit
490 486 621 554 Telonis
643 497 676 554 et
697 481 868 574 Nymphae
889 480 1100 551 Subetbridis.
1125 486 1207 560 -Qur

55 571 164 642 'l'eion
183 573 238 639 diu
259 573 408 660 regnarit
427 571 514 675 apud
544 574 708 662 Capreas,
746 567 879 636 insulain
902 581 1014 663 uoptra
1036 570 1205 660 Neapolim
1224 582 1337 649 ouras„

56 662 161 728 sitam.
206 654 305 727 Fiiius
328 682 403 725 vero
426 683 516 750 ejus,
543 659 643 746 patris
665 675 729 724 nou
751 664 920 723 contentus
936 655 1086 745 imperio,
1120 670 1206 724 trau-
1227 696 1275 767 *h*
1316 666 1319 671 ’

57 748 111 814 siit
131 744 174 812 ad
196 746 423 834 Campaniam,
454 756 489 816 et
504 745 611 815 multis
631 741 758 835 populis
778 739 976 830 subjugatis,
1011 765 1105 811 suum
1125 743 1229 811 dila-s
1261 740 1320 787 'W‘-

57 833 137 901 tavit
156 831 333 922 imperium.
807 866 809 873 >

454 1030 553 1133 188.
613 1033 807 1112 Maleus.

144 1164 269 1233 Maleus
298 1163 482 1232 Tuscorum
508 1184 567 1232 rex
598 1163 676 1245 suit,
710 1162 766 1252 qui
792 1161 914 1250 primus
942 1162 1052 1230 tabam
1080 1162 1273 1259 invenit-pp
1306 1154 1334 1217 -'

61 1252 95 1318 Is
123 1275 222 1339 quum
249 1251 416 1342 piraticam
447 1261 633 1332 exerceret,
666 1260 699 1319 et
726 1271 816 1315 mare
841 1249 1096 1337 tempestatibus·
1120 1260 1206 1315 esset
1271 1263 1274 1271 '

61 1337 228 1411 infestum,
259 1336 417 1414 montem,
448 1336 501 1423 qui
525 1357 611 1415 nuno
632 1337 674 1403 ab
696 1358 736 1411 eo
765 1332 871 1403 Malea
898 1348 1050 1417 vocatur,
1077 1333 1240 1401 inseditl⁰

62 1423 126 1498 Qui
147 1434 181 1491 et
202 1422 375 1510 Apollinem
396 1420 624 1488 Muleotieum
640 1421 685 1490 de
712 1442 772 1491 suo
803 1419 976 1503 vocabulo,
1004 1433 1040 1489 ut
1065 1432 1207 1488 montem

61 1509 165 1596 ipsum
178 1509 345 1590 Maleum
367 1507 548 1575 nominarit

442 1707 539 1787 139.
567 1788 570 1797 ,
599 1648 846 1791 1]ο(1ι·ιιεΓ

148 1865 280 1934 Codrus
301 1865 365 1934 dux
386 1865 623 1935 Atheniensium
644 1866 723 1948 suit,
756 1865 813 1955 qui
843 1873 915 1935 orto
937 1857 1020 1932 beiio
1040 1865 1122 1933 inter
1142 1867 1208 1933 La-

65 1977 162 2021 conas
196 1962 230 2020 et
258 1954 483 2034 Athenienses,
524 1974 623 2041 quum
660 1952 881 2053 respondisset
911 1952 1092 2030 oraculum,
1129 1954 1247 2018 iliosis

62 2063 161 2127 posse
188 2040 347 2116 vincere,
378 2059 524 2127 quorum
553 2036 628 2103 dux
652 2049 824 2126 perisset,
856 2037 965 2106 babitu
996 2039 1104 2104 humili
1134 2060 1210 2126 pro·
1274 2118 1277 2124 ,

64 2126 170 2191 fectus
192 2136 243 2191 est
263 2124 305 2189 ad
326 2124 465 2193 bostium
494 2123 597 2191 risina
622 2125 778 2207 tentoria,
808 2134 844 2191 et
869 2123 932 2189 iliis
954 2125 1065 2215 jurgio
1094 2147 1151 2190 eos
1177 2126 1210 2189 in

40 2234 172 2362 ,suaml
185 2206 320 2278 caedem
346 2209 530 2298 instigavit,
565 2221 601 2278 et
627 2232 647 2278 a
675 2209 760 2278 nutto
794 2210 962 2298 eognitus,
988 2211 1076 2309 ¹fecit
1105 2209 1209 2278 boum

62 2319 203 2366 oraouo.
983 2317 988 2320 ·

430 2493 525 2573 190.
586 2496 852 2603 croesus,
1215 2533 1254 2586 20

151 2658 315 2740 Croesus,
331 2678 388 2723 res
409 2653 592 2746 Lydorum,
614 2654 783 2744 aliquando
804 2679 825 2725 a
847 2656 955 2810 Ogrp,
989 2676 1072 2743 rege
1092 2655 1211 2723 Persa-

891 2766 912 2807 u

64 2766 156 2828 rum,
179 2755 310 2833 eaptus,
339 2762 423 2829 rogo
443 2742 615 2830 superponi
636 2754 687 2809 est
701 2743 821 2833 jussus.
934 2741 979 2808 ito
998 2753 1088 2809 tanta
1109 2741 1212 2829 pluria
1331 2780 1334 2786 ·

67 2831 155 2898 sacta
177 2846 237 2911 est,
260 2841 295 2896 ut
313 2829 397 2916 ignis
419 2830 678 2916 extingueretur,
699 2841 734 2897 et
753 2829 823 2919 ipse
843 2829 1045 2897 occasionem
1066 2825 1212 2917 fugiendi

67 2916 239 2989 inveniret,
275 2917 351 2981 Hos
375 2936 472 3003 quum
502 2925 788 3004 postea‘prospere
812 2914 872 2987 sibi
893 2915 1035 2980 evenisse
1056 2914 1212 3002 gioriare-

67 3016 138 3085 tur,
160 3014 234 3070 eto
258 3024 312 3067 nm
334 2999 545 3068 immensitate
564 3024 602 3067 se
616 3000 764 3090 jactaret,
786 2999 906 3068 ‹iromm
928 3013 978 3067 est
996 3001 1024 3066 ei
1045 3022 1064 3065 a
1082 2997 1253 3080 Solonem

67 3111 133 3155 uno
159 3088 201 3154 de
315 3086 527 3173 sapientibus,
557 3104 625 3149 uou
646 3085 766 3151 debere
787 3109 993 3179 quemquam
1013 3086 1051 3150 iu
1074 3085 1214 3150 divitiis

67 3186 102 3240 et
120 3171 418 3262 prosperitatibus
436 3169 612 3261 gloriari,
633 3195 740 3261 quum
762 3172 979 3252 nesciamus,
1005 3170 1092 3258 quid
1111 3193 1214 3234 eveu—
1328 3172 1331 3177 ’

70 3271 156 3325 tura
190 3260 317 3346 pariat
348 3258 435 3321 dies.
483 3253 609 3323 Eadem
644 3259 741 3324 nocte
773 3255 851 3325 vidit
877 3257 911 3323 in
942 3256 1088 3333 somniis,
1125 3253 1233 3342 quod'

68 3342 158 3411 Jovis
180 3366 252 3411 eum
274 3367 292 3409 a
316 3365 357 3408 ua
380 3340 601 3431 perfunderet,
623 3354 657 3409 et
676 3343 722 3409 soi
744 3342 955 3431 extingueret.
996 3339 1092 3425 Quod
1115 3361 1213 3428 quum

66 3431 154 3497 tiliae
173 3445 254 3497 suae
274 3367 419 3495 Pbaniae
439 3427 615 3510 nuntiaret,
635 3427 703 3506 iila,
731 3442 768 3497 ut
787 3451 897 3496 resse
917 3427 1045 3506 habuit,
1073 3424 1256 3513 prodeo-3⁰

68 3527 121 3584 ter
141 3517 426 3605 interpretabatur,
448 3513 575 3594 dicens,
608 3515 699 3602 quod
719 3514 757 3580 iu
777 3534 877 3580 cruce
897 3524 986 3578 esset
1007 3511 1215 3601 affigendus,
1314 3514 1318 3521 '

68 3599 180 3667 imbre
217 3599 502 3689 persuadendus,
541 3599 611 3664 sole
643 3599 836 3666 siccandus.
896 3597 994 3673 Quod
1030 3609 1142 3684 postea
1169 3596 1215 3664 ita

69 3687 227 3776 contigit3
245 3709 318 3769 nam
339 3708 450 3755 rursus
472 3696 584 3775 captus
607 3695 656 3753 est
677 3708 696 3752 a
716 3685 804 3776 Cyro
826 3695 860 3754 et
881 3706 1061 3777 suspensus.

401 3863 421 3930 ί
472 3886 564 3963 rar.
618 3885 805 3966 arcon.

157 4045 257 4112 Aloon
297 4047 462 4114 Cretensis
494 4047 680 4135 sagittarius
721 4047 788 4115 fuit.
844 4047 945 4136 Cujus
983 4066 1080 4131 mum
1116 4041 1256 4112 filinmao

69 4130 172 4199 draeo
195 4131 376 4211 invasisset,
399 4145 487 4200 tanta
509 4146 579 4200 arte
601 4131 716 4200 direxit
737 4133 904 4220 sagittam,
934 4140 969 4198 ut
991 4153 1061 4195 oum
1083 4149 1213 4193 currens
1248 4129 1252 4154 ¹
1304 4171 1317 4189 r

67 4219 101 4284 in
123 4231 304 4307 serpentem
323 4217 502 4308 defigeret,
524 4242 585 4287 neo
606 4232 712 4288 tamen
734 4219 830 4285 fitium
849 4218 1000 4286 laederet.
