2684 4606
208 84 278 178 .‘
420 150 706 269 affusam.
757 116 824 269 ¹u.
878 162 918 234 s.
988 190 993 207 ι
1166 151 1283 243 251.

594 364 596 370 <
811 339 857 406 a
880 320 1134 434 rtatimpu

282 420 412 486 Tutela
435 425 589 489 Saturno
609 425 790 514 refulgeas

253 562 261 571 .
332 505 495 593 Eripuit,
530 511 754 599 uolucrisque
773 509 860 574 Fati

194 585 367 655 Tardcvit
397 591 487 656 cias.
531 622 533 627 r
821 634 837 643 --
1041 663 1045 667 ,

101 668 149 736 Et
169 669 255 738 bene
274 674 426 757 tardavit,
453 677 528 767 quia
553 677 726 745 necessitas
752 676 808 744 fati
827 677 970 767 impediri
990 702 1101 767 posse.
1114 678 1264 762 dicitrrr,5
1320 678 1340 759 ‘3

101 777 166 822 non
188 758 314 845 penitus
335 759 428 828 eludi.
470 764 557 831 Hinc
584 775 650 830 est:
816 806 819 811 ,
857 820 860 825 .

361 852 366 867 '
459 924 463 931 Ι
797 848 874 914 Nec
895 846 984 936 fata
1013 847 1179 923 vetabant

189 928 311 1004 Stare,
330 930 510 1020 decemque
529 932 619 997 alios
642 933 829 998 Priamum
846 956 1022 1021 superesse
1041 956 1103 1020 per
1120 958 1241 1000 anuos.
1306 987 1308 990 Α

89 1009 200 1089 ,Quod
222 1022 299 1081 v'ero
319 1027 393 1104 post
423 1039 544 1105 paucos
572 1038 681 1084 versus
711 1018 887 1107 subjunxit,
918 1041 961 1082 ac
993 1016 1138 1082 discente
1166 1019 1237 1099 dec,
1314 1026 1320 1034 '

97 1097 205 1166 idest
235 1100 379 1178 Venere,
417 1103 592 1169 seeundum
624 1106 679 1169 eos
708 1104 828 1172 dictum
859 1113 926 1185 est,
963 1102 1039 1191 qni,
1072 1115 1106 1170 ut
1138 1125 1286 1207 soprato.

98 1182 255 1264 diximus,
303 1188 467 1275 utriusque
509 1209 604 1255 sexus
663 1189 923 1277 articipationeni
949 1187 1069 1253 habere
1106 1211 1237 1275 pumina

96 1267 273 1336 uoluerunt.
296 1297 299 1305 ·
322 1270 417 1338 Unde
445 1272 572 1341 Gallus:
654 1273 880 1362 silentemque
916 1271 1024 1337 deum‘
1057 1271 1092 1337 V
1092 1295 1261 1359 eruerem.¹

95 1353 179 1421 Item
215 1354 289 1422 alibi
321 1357 488 1444 Virgilius:
511 1403 517 1410 ·
541 1359 618 1426 Nec
650 1356 795 1425 dextrae
828 1359 966 1422 erranti
995 1356 1080 1420 deris
1114 1356 1234 1444 afuit3

95 1461 195 1526 quum
215 1451 272 1508 aut
290 1442 376 1509 Juno
399 1443 503 1512 luerat
524 1457 579 1512 aut
614 1442 734 1510 Alecto.
785 1444 847 1510 Est
875 1441 969 1508 etiam
990 1441 1022 1506 in
1049 1440 1160 1532 Cypro
1190 1444 1232 1512 si-

67 1525 274 1593 umulacrum
303 1529 457 1595 barbatae
492 1529 640 1617 virginis,
670 1527 702 1594 id
732 1538 780 1594 est
811 1527 951 1596 Veneris.
1000 1525 1073 1592 Nec
1108 1527 1275 1609 mirum,15

92 1621 178 1677 teste
208 1613 337 1692 Servio,
375 1615 540 1705 utriusque
566 1637 660 1682 sexus
689 1614 806 1701 putari.
825 1612 969 1689 numina,
1009 1611 1128 1700 quippe
1147 1637 1232 1702 quae

92 1696 286 1785 incorporea
306 1711 398 1778 sunt,
436 1713 470 1767 et
496 1699 583 1788 quod
613 1696 719 1765 volunt
747 1720 863 1787 corpus
893 1709 929 1764 ut
949 1694 1114 1764 videantur
1142 1721 1232 1768 assu-

92 1793 192 1849 munt
234 1783 304 1850 Nisi
325 1785 409 1851 enim
430 1807 568 1874 corpora
588 1783 757 1861 induerint,
779 1783 922 1851 bumrmis
944 1782 1059 1849 visibus
1075 1806 1232 1887 apparere

91 1887 157 1932 non
181 1880 326 1956 possunt.
370 1873 457 1937 Sane
477 1871 654 1939 secundum
669 1869 826 1959 poeticam
842 1866 1007 1947 sciendum
1024 1868 1230 1957 disciplinam,

92 1953 184 2018 nolle'
198 1976 235 2021 se
255 1956 383 2022 numina
409 1955 507 2021 videri
538 1957 595 2023 nisi
626 1978 666 2022 ex
695 1956 789 2021 nimia
817 1954 1014 2024 necessitate.
1070 1956 1165 2023 Unde
1194 1970 1272 2028 etan

92 2037 135 2104 de
158 2038 292 2106 Veneris
314 2041 357 2106 ibi
379 2042 578 2129 apparitione
608 2064 669 2130 pro
692 2039 843 2114 miraculo
864 2039 1075 2119 dictumest:
1119 2042 1229 2109 Alma

83 2145 219 2211 pareas
236 2123 395 2212 confessa
411 2129 522 2192 deam.
564 2126 610 2193 Et
624 2129 665 2192 ob
680 2127 712 2192 id
728 2127 832 2215 ipsum
857 2125 947 2192 alibi:
975 2124 1155 2214 Traasque
1172 2152 1229 2192 ca-
1286 2198 1288 2203 ⁴

87 2218 155 2293 put
165 2209 262 2296 jace,
282 2233 344 2274 nec
366 2212 568 2298 respexeris.
611 2212 707 2285 Quod
723 2225 829 2278 antem
843 2210 959 2276 ibidem
976 2211 1083 2276 Venus
1102 2210 1229 2281 Aeneae

88 2293 286 2379 promiserit,
308 2317 345 2361 se
367 2295 397 2361 ei
418 2318 574 2385 nusquam
598 2299 792 2376 chimeram,
814 2298 856 2361 ob
877 2297 941 2362 boc
962 2297 1071 2361 fictum
1093 2295 1228 2378 videtur,
1297 2360 1319 2379 ,.

86 2377 195 2530 quod,
234 2391 272 2448 ut
298 2381 402 2447 Varro
435 2379 551 2463 docet,
575 2379 629 2448 'ex
661 2405 727 2470 qno
752 2384 925 2448 Aeneasa
953 2381 1054 2471 Troja
1083 2384 1268 2465 recessim

109 2485 194 2534 onec
212 2463 256 2531 ad
274 2464 470 2536 Laurentem
489 2489 605 2556 agrum
624 2468 766 2548 venirat,
796 2466 970 2532 Veneriamv
995 2489 1122 2556 semper
1152 2468 1227 2538 vidit
1279 2487 1282 2491 ’

84 2549 217 2702 {ltellppp
271 2549 368 2618 Unde
398 2562 448 2619 est
476 2555 586 2621 etiam:
629 2553 748 2620 Matre
779 2550 844 2616 decr
878 2561 1093 2629 morrstraate
1120 2554 1242 2622 viam)

115 2647 129 2704 t
180 2635 240 2703 ii:

167 2721 319 2809 Jamque
330 2723 438 2811 jugis
458 2703 612 2790 summae
634 2720 800 2810 surgebat
822 2717 971 2808 Lucifer
999 2718 1105 2798 Idae3

85 2805 257 2894 statimque
289 2831 329 2877 ea
352 2811 454 2886 ,sacta
488 2805 680 2895 retrograda
715 2805 840 2878 exinde'
866 2806 896 2870 ei
930 2827 993 2870 non
1027 2805 1265 2895 comperuimus

81 2893 169 2958 unde
192 2903 226 2958 et
246 2892 371 2981 ipsese
391 2893 435 2959 ad
464 2904 566 2960 terras
604 2891 714 2960 fatales
739 2892 919 2980 pervenisse
951 2892 1110 2976 cognovit.
1129 2954 1131 2960 .
1154 2891 1223 2957 Sed

83 2990 115 3044 et
148 2975 247 3057 ideo,
283 2980 370 3067 quod
401 2980 486 3045 bona
515 2979 584 3067 ejus
614 2976 851 3062 constellatione
886 2988 1047 3064 tamquam
1078 2986 1221 3060 materno

82 3063 361 3151 abique-usussit
380 3063 560 3157 praesidio,
594 3075 729 3133 matrem
760 3085 830 3131 earn
851 3058 969 3129 dixisse
990 3078 1052 3129 non
1080 3060 1221 3130 absurde
1321 3094 1327 3113 ·

79 3149 186 3237 putari
209 3160 350 3238 potest.
1096 3201 1098 3204 -
1155 3203 1168 3234 ,

163 3235 197 3301 6.
239 3235 365 3304 Dicitur
385 3236 512 3318 Venus,
541 3257 640 3323 quum
667 3233 810 3301 Glaucus
832 3233 899 3321 ejus
928 3254 1019 3300 sacra
1041 3243 1277 3320 sperneretis·

77 3321 227 3408 equabus
257 3321 346 3410 ejus,
380 3323 495 3410 quibus
533 3321 575 3387 ad
604 3336 740 3387 currum¹
765 3320 934 3397 utebatur,
967 3319 1106 3385 furorem
1138 3319 1219 3385 irata

74 3404 263 3486 immisisse,
307 3418 391 3491 quae
425 3430 498 3474 eum
528 3407 686 3473 morsibus
719 3405 958 3486 laceraverunt
1000 3404 1076 3469 Hoc
1109 3413 1217 3470 autem

72 3490 151 3559 ideo
177 3492 289 3558 fictum
310 3504 370 3567 est,
391 3494 466 3580 quia
482 3493 623 3559 Glaucus
645 3493 686 3557 ab
708 3492 852 3578 equabus
873 3490 967 3556 nimia
988 3488 1216 3575 concupisces:

71 3579 117 3645 tia
141 3577 307 3644 effrenatis
336 3577 503 3649 dilaniatus
532 3588 599 3656 ost,
635 3597 734 3665 quum
764 3599 819 3641 eas
851 3598 871 3639 a
904 3573 990 3640 coitu
1041 3574 1223 3654 rohiberet,

69 3674 108 3731 ut
131 3674 245 3729 essent
265 3663 448 3731 velociores.
491 3663 616 3730 Dicitur
638 3664 733 3730 etiam
755 3684 829 3727 cum
851 3659 976 3725 Venere
1032 3683 1084 3726 ars
1108 3659 1256 3733 furtimco

68 3749 307 3828 concubuisse,
340 3749 427 3836 quod
454 3748 512 3816 Sol
541 3746 649 3813 videns
678 3746 822 3813 Vulcano
853 3745 1002 3832 prodidit.
1053 3744 1110 3811 Ille
1136 3743 1213 3813 ada·
1335 3791 1339 3798 -

67 3833 210 3901 manteia
240 3835 362 3900 catenis
390 3857 446 3901 eos
476 3838 629 3901 coiuntes
658 3831 779 3918 ligans,
811 3828 870 3895 diis
900 3831 1046 3897 omnibus
1078 3831 1214 3919 turpiter

67 3918 214 3986 ostendit
230 3919 383 4008 jacentes.
425 3918 481 3986 llla
499 3919 610 3986 dolens
636 3919 775 4006 quinque
797 3914 880 3981 Solis
904 3916 999 3996 filias,
1021 3916 1212 4004 Pasiphaen,

67 4003 240 4083 Medeam,
273 4002 477 4084 Phaedram,
519 4005 635 4075 Circen
669 4012 702 4069 et
735 4001 854 4067 Dircen
887 4001 1065 4068 detestabili
1101 4018 1210 4068 amore
1273 4034 1298 4043 -·

67 4088 251 4157 succendit.
291 4090 388 4156 *Mars
420 4090 429 4154 i
456 4091 521 4158 itur
549 4089 714 4178 complexu
748 4078 879 4153 Veneris
907 4086 1064 4175 pollutus,
1096 4086 1129 4152 id
1151 4099 1250 4168 estas

67 4178 168 4246 virtus
188 4174 324 4244 libidinis
343 4113 497 4244 itleeeiris
518 4187 688 4265 obnupta,
720 4169 787 4240 sole
807 4182 891 4241 teste
913 4184 1064 4262 apparet,
1095 4171 1215 4252 idest,
