<?xml version="1.0" encoding="UTF-8"?>
<!DOCTYPE html PUBLIC "-//W3C//DTD XHTML 1.0 Transitional//EN"
    "http://www.w3.org/TR/xhtml1/DTD/xhtml1-transitional.dtd">
<html xmlns="http://www.w3.org/1999/xhtml" xml:lang="en" lang="en">
 <head>
  <title>
</title>
<meta http-equiv="Content-Type" content="text/html;charset=utf-8" />
  <meta name='ocr-system' content='tesseract 3.04.00' />
  <meta name='ocr-capabilities' content='ocr_page ocr_carea ocr_par ocr_line ocrx_word'/>
</head>
<body>
  <div class='ocr_page' id='page_1' title='image "./scriptoresrereu00bodegoog_0138.png"; bbox 0 0 2684 4606; ppageno 0'>
   <div class='ocr_carea' id='block_1_1' title="bbox 980 238 1001 287">
    <p class='ocr_par' dir='ltr' id='par_1_1' title="bbox 980 238 1001 287">
     <span class='ocr_line' id='line_1_1' title="bbox 980 238 1001 287; baseline 0 -9"><span class='ocrx_word' id='word_1_1' title='bbox 980 238 1001 287; x_wconf 70' lang='lat' dir='ltr'><strong>,l</strong></span> 
     </span>
    </p>
   </div>
   <div class='ocr_carea' id='block_1_2' title="bbox 154 92 1191 257">
    <p class='ocr_par' dir='ltr' id='par_1_2' title="bbox 154 92 1191 276">
     <span class='ocr_line' id='line_1_2' title="bbox 154 92 1191 257; baseline 0.007 -39"><span class='ocrx_word' id='word_1_2' title='bbox 154 213 157 218; x_wconf 83' lang='grc'><strong>.</strong></span> <span class='ocrx_word' id='word_1_3' title='bbox 337 104 548 252; x_wconf 49' lang='lat' dir='ltr'><strong>supuda.</strong></span> <span class='ocrx_word' id='word_1_4' title='bbox 572 130 642 223; x_wconf 60' lang='lat' dir='ltr'><strong>ny</strong></span> <span class='ocrx_word' id='word_1_5' title='bbox 665 145 760 223; x_wconf 82' lang='lat' dir='ltr'><strong>ror.</strong></span> <span class='ocrx_word' id='word_1_6' title='bbox 789 147 899 257; x_wconf 83' lang='lat' dir='ltr'><strong>roa..</strong></span> <span class='ocrx_word' id='word_1_7' title='bbox 1118 92 1191 225; x_wconf 81' lang='lat' dir='ltr'><strong>rh</strong></span> 
     </span>
    </p>
   </div>
   <div class='ocr_carea' id='block_1_3' title="bbox 57 332 1249 691">
    <p class='ocr_par' dir='ltr' id='par_1_3' title="bbox 57 332 1249 691">
     <span class='ocr_line' id='line_1_3' title="bbox 57 332 1193 422; baseline -0.002 -15"><span class='ocrx_word' id='word_1_8' title='bbox 57 349 139 414; x_wconf 80' lang='lat' dir='ltr'><strong>suut¹</strong></span> <span class='ocrx_word' id='word_1_9' title='bbox 162 336 328 406; x_wconf 85' lang='lat' dir='ltr'><strong>Centauri.</strong></span> <span class='ocrx_word' id='word_1_10' title='bbox 369 336 531 408; x_wconf 80' lang='lat' dir='ltr'><strong>Reversus</strong></span> <span class='ocrx_word' id='word_1_11' title='bbox 565 344 672 405; x_wconf 86' lang='lat' dir='ltr'><strong>autem</strong></span> <span class='ocrx_word' id='word_1_12' title='bbox 701 333 744 402; x_wconf 88' lang='lat' dir='ltr'><strong>ad</strong></span> <span class='ocrx_word' id='word_1_13' title='bbox 771 332 922 403; x_wconf 75' lang='lat' dir='ltr'><strong>mortales</strong></span> <span class='ocrx_word' id='word_1_14' title='bbox 950 332 1105 422; x_wconf 87' lang='lat' dir='ltr'><strong>gloriatus</strong></span> <span class='ocrx_word' id='word_1_15' title='bbox 1132 349 1193 417; x_wconf 86' lang='lat' dir='ltr'><strong>est,</strong></span> 
     </span>
     <span class='ocr_line' id='line_1_4' title="bbox 57 418 1193 512; baseline -0.001 -20"><span class='ocrx_word' id='word_1_16' title='bbox 57 449 94 493; x_wconf 88' lang='lat' dir='ltr'><strong>se</strong></span> <span class='ocrx_word' id='word_1_17' title='bbox 126 447 203 492; x_wconf 92' lang='lat' dir='ltr'><strong>curn</strong></span> <span class='ocrx_word' id='word_1_18' title='bbox 229 425 357 491; x_wconf 86' lang='lat' dir='ltr'><strong>Juuone</strong></span> <span class='ocrx_word' id='word_1_19' title='bbox 388 446 456 491; x_wconf 89' lang='lat' dir='ltr'><strong>rem</strong></span> <span class='ocrx_word' id='word_1_20' title='bbox 485 423 641 491; x_wconf 87' lang='lat' dir='ltr'><strong>habuisse.</strong></span> <span class='ocrx_word' id='word_1_21' title='bbox 683 422 737 489; x_wconf 92' lang='lat' dir='ltr'><strong>0h</strong></span> <span class='ocrx_word' id='word_1_22' title='bbox 769 443 864 510; x_wconf 84' lang='lat' dir='ltr'><strong>quarn</strong></span> <span class='ocrx_word' id='word_1_23' title='bbox 893 418 1028 488; x_wconf 77' lang='lat' dir='ltr'><strong>causam‘</strong></span> <span class='ocrx_word' id='word_1_24' title='bbox 1046 423 1089 490; x_wconf 66' lang='lat' dir='ltr'><strong>‚lu</strong></span> <span class='ocrx_word' id='word_1_25' title='bbox 1111 423 1193 512; x_wconf 82' lang='lat' dir='ltr'><strong>piter</strong></span> 
     </span>
     <span class='ocr_line' id='line_1_5' title="bbox 57 446 1249 600; baseline -0.002 -22"><span class='ocrx_word' id='word_1_26' title='bbox 57 534 132 578; x_wconf 88' lang='lat' dir='ltr'><strong>eum</strong></span> <span class='ocrx_word' id='word_1_27' title='bbox 156 510 286 577; x_wconf 79' lang='lat' dir='ltr'><strong>fulmine</strong></span> <span class='ocrx_word' id='word_1_28' title='bbox 306 511 481 600; x_wconf 82' lang='lat' dir='ltr'><strong>percussit,</strong></span> <span class='ocrx_word' id='word_1_29' title='bbox 508 507 603 577; x_wconf 90' lang='lat' dir='ltr'><strong>etad</strong></span> <span class='ocrx_word' id='word_1_30' title='bbox 624 517 728 576; x_wconf 89' lang='lat' dir='ltr'><strong>rotam</strong></span> <span class='ocrx_word' id='word_1_31' title='bbox 748 504 947 598; x_wconf 80' lang='lat' dir='ltr'>serpentibus</span> <span class='ocrx_word' id='word_1_32' title='bbox 968 446 1192 579; x_wconf 72' lang='lat' dir='ltr'><strong>circumlusam</strong></span> <span class='ocrx_word' id='word_1_33' title='bbox 1245 532 1249 547; x_wconf 77' lang='lat'><strong>·</strong></span> 
     </span>
     <span class='ocr_line' id='line_1_6' title="bbox 58 594 635 691; baseline -0.002 -27"><span class='ocrx_word' id='word_1_34' title='bbox 58 594 148 688; x_wconf 91' lang='lat' dir='ltr'><strong>apud</strong></span> <span class='ocrx_word' id='word_1_35' title='bbox 168 595 290 664; x_wconf 78' lang='lat' dir='ltr'><strong>inferos</strong></span> <span class='ocrx_word' id='word_1_36' title='bbox 314 595 497 691; x_wconf 76' lang='lat' dir='ltr'><strong>uoluendam</strong></span> <span class='ocrx_word' id='word_1_37' title='bbox 518 594 635 682; x_wconf 83' lang='lat' dir='ltr'><strong>ligurit</strong></span> 
     </span>
    </p>
   </div>
   <div class='ocr_carea' id='block_1_4' title="bbox 158 708 1296 868">
    <p class='ocr_par' dir='ltr' id='par_1_4' title="bbox 158 708 1296 868">
     <span class='ocr_line' id='line_1_7' title="bbox 158 708 1296 868; baseline -0.001 -32"><span class='ocrx_word' id='word_1_38' title='bbox 158 760 270 839; x_wconf 62' lang='lat'><strong>407.</strong></span> <span class='ocrx_word' id='word_1_39' title='bbox 323 734 838 868; x_wconf 75' lang='lat' dir='ltr'><strong>Explanatioajnsdem</strong></span> <span class='ocrx_word' id='word_1_40' title='bbox 877 708 1095 838; x_wconf 24' lang='lat' dir='ltr'><strong>fabulae..</strong></span> <span class='ocrx_word' id='word_1_41' title='bbox 1200 787 1218 835; x_wconf 82' lang='lat' dir='ltr'><strong>s</strong></span> <span class='ocrx_word' id='word_1_42' title='bbox 1293 775 1296 782; x_wconf 88' lang='lat'>&#39;</span> 
     </span>
    </p>
   </div>
   <div class='ocr_carea' id='block_1_5' title="bbox 60 890 1198 1128">
    <p class='ocr_par' dir='ltr' id='par_1_5' title="bbox 60 890 1198 1128">
     <span class='ocr_line' id='line_1_8' title="bbox 145 890 1198 976; baseline 0.003 -18"><span class='ocrx_word' id='word_1_43' title='bbox 145 892 240 959; x_wconf 86' lang='lat' dir='ltr'><strong>Sicut</strong></span> <span class='ocrx_word' id='word_1_44' title='bbox 270 891 345 958; x_wconf 93' lang='lat' dir='ltr'><strong>nihil</strong></span> <span class='ocrx_word' id='word_1_45' title='bbox 371 895 403 959; x_wconf 92' lang='lat' dir='ltr'><strong>in</strong></span> <span class='ocrx_word' id='word_1_46' title='bbox 433 894 551 960; x_wconf 84' lang='lat' dir='ltr'><strong>Latina</strong></span> <span class='ocrx_word' id='word_1_47' title='bbox 578 891 725 958; x_wconf 88' lang='lat' dir='ltr'><strong>oratione</strong></span> <span class='ocrx_word' id='word_1_48' title='bbox 758 890 890 962; x_wconf 77' lang='lat' dir='ltr'><strong>veritate</strong></span> <span class='ocrx_word' id='word_1_49' title='bbox 924 892 1114 976; x_wconf 74' lang='lat' dir='ltr'><strong>gratiosius,</strong></span> <span class='ocrx_word' id='word_1_50' title='bbox 1152 891 1198 961; x_wconf 84' lang='lat' dir='ltr'><strong>ita</strong></span> 
     </span>
     <span class='ocr_line' id='line_1_9' title="bbox 60 976 1198 1128; baseline -0.001 -84"><span class='ocrx_word' id='word_1_51' title='bbox 60 977 136 1045; x_wconf 91' lang='lat' dir='ltr'><strong>nihil</strong></span> <span class='ocrx_word' id='word_1_52' title='bbox 161 979 194 1044; x_wconf 92' lang='lat' dir='ltr'><strong>in</strong></span> <span class='ocrx_word' id='word_1_53' title='bbox 220 980 349 1045; x_wconf 79' lang='lat' dir='ltr'><strong>Graeca</strong></span> <span class='ocrx_word' id='word_1_54' title='bbox 389 979 524 1048; x_wconf 82' lang='lat' dir='ltr'><strong>salsitate</strong></span> <span class='ocrx_word' id='word_1_55' title='bbox 552 978 702 1060; x_wconf 81' lang='lat' dir='ltr'><strong>ornatius.</strong></span> <span class='ocrx_word' id='word_1_56' title='bbox 753 976 863 1057; x_wconf 89' lang='lat' dir='ltr'><strong>Ixion,</strong></span> <span class='ocrx_word' id='word_1_57' title='bbox 895 979 986 1128; x_wconf 61' lang='lat' dir='ltr'><strong>puasi</strong></span> <span class='ocrx_word' id='word_1_58' title='bbox 1017 976 1129 1058; x_wconf 73' lang='grc' dir='ltr'><em>ἄξιον,</em></span> <span class='ocrx_word' id='word_1_59' title='bbox 1163 979 1198 1044; x_wconf 92' lang='lat' dir='ltr'><strong>id</strong></span> 
     </span>
    </p>
   </div>
   <div class='ocr_carea' id='block_1_6' title="bbox 26 1063 1326 3038">
    <p class='ocr_par' dir='ltr' id='par_1_6' title="bbox 26 1063 1326 3038">
     <span class='ocr_line' id='line_1_10' title="bbox 61 1063 876 1146; baseline -0.001 -15"><span class='ocrx_word' id='word_1_60' title='bbox 61 1076 113 1131; x_wconf 88' lang='lat' dir='ltr'><strong>est</strong></span> <span class='ocrx_word' id='word_1_61' title='bbox 141 1063 181 1128; x_wconf 84' lang='lat' dir='ltr'><strong>di</strong></span> <span class='ocrx_word' id='word_1_62' title='bbox 208 1063 374 1145; x_wconf 83' lang='lat' dir='ltr'><strong>uitatem,</strong></span> <span class='ocrx_word' id='word_1_63' title='bbox 401 1065 464 1132; x_wconf 94' lang='lat' dir='ltr'><strong>dici</strong></span> <span class='ocrx_word' id='word_1_64' title='bbox 494 1063 676 1146; x_wconf 82' lang='lat' dir='ltr'><strong>uoluerunt3</strong></span> <span class='ocrx_word' id='word_1_65' title='bbox 718 1063 876 1130; x_wconf 89' lang='lat' dir='ltr'><strong>Juuonem</strong></span> 
     </span>
     <span class='ocr_line' id='line_1_11' title="bbox 60 1085 1326 1252; baseline 0 -36"><span class='ocrx_word' id='word_1_66' title='bbox 60 1150 156 1251; x_wconf 79' lang='lat' dir='ltr'><strong>Ergo</strong></span> <span class='ocrx_word' id='word_1_67' title='bbox 178 1085 335 1234; x_wconf 65' lang='lat' dir='ltr'><strong>dignitas,</strong></span> <span class='ocrx_word' id='word_1_68' title='bbox 367 1172 505 1252; x_wconf 83' lang='lat' dir='ltr'><strong>regnum</strong></span> <span class='ocrx_word' id='word_1_69' title='bbox 535 1151 707 1232; x_wconf 83' lang='lat' dir='ltr'><strong>affectans,</strong></span> <span class='ocrx_word' id='word_1_70' title='bbox 743 1148 860 1216; x_wconf 87' lang='lat' dir='ltr'><strong>nubem</strong></span> <span class='ocrx_word' id='word_1_71' title='bbox 891 1160 1051 1228; x_wconf 86' lang='lat' dir='ltr'><strong>meretur,</strong></span> <span class='ocrx_word' id='word_1_72' title='bbox 1090 1149 1197 1217; x_wconf 87' lang='lat' dir='ltr'><strong>idest</strong></span> <span class='ocrx_word' id='word_1_73' title='bbox 1321 1147 1326 1159; x_wconf 84' lang='grc'><em>’</em></span> 
     </span>
     <span class='ocr_line' id='line_1_12' title="bbox 61 1228 1293 1324; baseline -0.002 -21"><span class='ocrx_word' id='word_1_74' title='bbox 61 1228 298 1303; x_wconf 83' lang='lat' dir='ltr'><strong>simditudin&#39;em</strong></span> <span class='ocrx_word' id='word_1_75' title='bbox 330 1253 439 1324; x_wconf 81' lang='lat' dir='ltr'><strong>regni.¹</strong></span> <span class='ocrx_word' id='word_1_76' title='bbox 481 1234 685 1303; x_wconf 79' lang='lat' dir='ltr'><strong>Democritus</strong></span> <span class='ocrx_word' id='word_1_77' title='bbox 711 1234 811 1323; x_wconf 84' lang='lat' dir='ltr'><strong>igitur</strong></span> <span class='ocrx_word' id='word_1_78' title='bbox 840 1233 966 1317; x_wconf 86' lang='lat' dir='ltr'><strong>scribit,</strong></span> <span class='ocrx_word' id='word_1_79' title='bbox 1001 1234 1144 1322; x_wconf 89' lang='lat' dir='ltr'><strong>lxiouem</strong></span> <span class='ocrx_word' id='word_1_80' title='bbox 1162 1234 1238 1313; x_wconf 82' lang='lat' dir='ltr'><strong>iuro</strong></span> <span class='ocrx_word' id='word_1_81' title='bbox 1291 1287 1293 1290; x_wconf 87' lang='lat'>.</span> 
     </span>
     <span class='ocr_line' id='line_1_13' title="bbox 61 1319 1199 1410; baseline 0.002 -24"><span class='ocrx_word' id='word_1_82' title='bbox 61 1320 203 1388; x_wconf 79' lang='lat' dir='ltr'><strong>Graecia</strong></span> <span class='ocrx_word' id='word_1_83' title='bbox 223 1319 361 1407; x_wconf 90' lang='lat' dir='ltr'><strong>primum</strong></span> <span class='ocrx_word' id='word_1_84' title='bbox 384 1320 477 1409; x_wconf 88' lang='lat' dir='ltr'><strong>regni</strong></span> <span class='ocrx_word' id='word_1_85' title='bbox 504 1321 640 1410; x_wconf 83' lang='lat' dir='ltr'><strong>gloriam</strong></span> <span class='ocrx_word' id='word_1_86' title='bbox 670 1322 849 1388; x_wconf 85' lang='lat' dir='ltr'><strong>affectasse.</strong></span> <span class='ocrx_word' id='word_1_87' title='bbox 902 1319 1047 1396; x_wconf 84' lang='lat' dir='ltr'><strong>Quisibi</strong></span> <span class='ocrx_word' id='word_1_88' title='bbox 1069 1332 1199 1388; x_wconf 89' lang='lat' dir='ltr'><strong>centum</strong></span> 
     </span>
     <span class='ocr_line' id='line_1_14' title="bbox 61 1405 1200 1496; baseline 0.002 -24"><span class='ocrx_word' id='word_1_89' title='bbox 61 1406 187 1495; x_wconf 86' lang='lat' dir='ltr'><strong>equites</strong></span> <span class='ocrx_word' id='word_1_90' title='bbox 208 1406 327 1494; x_wconf 92' lang='lat' dir='ltr'><strong>primus</strong></span> <span class='ocrx_word' id='word_1_91' title='bbox 358 1410 497 1473; x_wconf 91' lang='lat' dir='ltr'><strong>omnium</strong></span> <span class='ocrx_word' id='word_1_92' title='bbox 529 1405 734 1496; x_wconf 78' lang='lat' dir='ltr'><strong>conquisivit3</strong></span> <span class='ocrx_word' id='word_1_93' title='bbox 762 1405 849 1472; x_wconf 88' lang='lat' dir='ltr'><strong>uude</strong></span> <span class='ocrx_word' id='word_1_94' title='bbox 875 1416 909 1474; x_wconf 90' lang='lat' dir='ltr'><strong>et</strong></span> <span class='ocrx_word' id='word_1_95' title='bbox 937 1406 1110 1475; x_wconf 79' lang='lat' dir='ltr'><strong>Centauri</strong></span> <span class='ocrx_word' id='word_1_96' title='bbox 1124 1405 1200 1475; x_wconf 84' lang='lat' dir='ltr'><strong>dicti</strong></span> 
     </span>
     <span class='ocr_line' id='line_1_15' title="bbox 59 1489 1285 1580; baseline -0.002 -21"><span class='ocrx_word' id='word_1_97' title='bbox 59 1504 135 1560; x_wconf 90' lang='lat' dir='ltr'><strong>sunt</strong></span> <span class='ocrx_word' id='word_1_98' title='bbox 156 1489 247 1580; x_wconf 89' lang='lat' dir='ltr'><strong>quasi</strong></span> <span class='ocrx_word' id='word_1_99' title='bbox 267 1500 405 1556; x_wconf 79' lang='lat' dir='ltr'><strong>centum</strong></span> <span class='ocrx_word' id='word_1_100' title='bbox 434 1493 580 1560; x_wconf 81' lang='lat' dir='ltr'><strong>armati.</strong></span> <span class='ocrx_word' id='word_1_101' title='bbox 622 1491 782 1580; x_wconf 90' lang='lat' dir='ltr'><strong>-Deuique</strong></span> <span class='ocrx_word' id='word_1_102' title='bbox 808 1489 959 1578; x_wconf 89' lang='lat' dir='ltr'><strong>Centippi</strong></span> <span class='ocrx_word' id='word_1_103' title='bbox 988 1489 1051 1556; x_wconf 93' lang='lat' dir='ltr'><strong>dici</strong></span> <span class='ocrx_word' id='word_1_104' title='bbox 1078 1489 1198 1557; x_wconf 86' lang='lat' dir='ltr'><strong>dehue-</strong></span> <span class='ocrx_word' id='word_1_105' title='bbox 1281 1548 1285 1564; x_wconf 55' lang='lat'><strong>,</strong></span> 
     </span>
     <span class='ocr_line' id='line_1_16' title="bbox 58 1575 1198 1728; baseline -0.002 -85"><span class='ocrx_word' id='word_1_106' title='bbox 58 1591 148 1659; x_wconf 81' lang='lat' dir='ltr'><strong>runt,</strong></span> <span class='ocrx_word' id='word_1_107' title='bbox 166 1600 208 1644; x_wconf 92' lang='lat' dir='ltr'><strong>eo</strong></span> <span class='ocrx_word' id='word_1_108' title='bbox 230 1575 319 1665; x_wconf 83' lang='lat' dir='ltr'><strong>quod</strong></span> <span class='ocrx_word' id='word_1_109' title='bbox 341 1578 432 1665; x_wconf 87' lang='lat' dir='ltr'><strong>equis</strong></span> <span class='ocrx_word' id='word_1_110' title='bbox 455 1576 543 1644; x_wconf 82' lang='lat' dir='ltr'><strong>mixti</strong></span> <span class='ocrx_word' id='word_1_111' title='bbox 565 1577 748 1728; x_wconf 55' lang='lat' dir='ltr'><strong>pinrpuutur.</strong></span> <span class='ocrx_word' id='word_1_112' title='bbox 792 1575 860 1642; x_wconf 88' lang='lat' dir='ltr'><strong>Sed</strong></span> <span class='ocrx_word' id='word_1_113' title='bbox 876 1576 976 1655; x_wconf 83' lang='lat' dir='ltr'><strong>Ixion,</strong></span> <span class='ocrx_word' id='word_1_114' title='bbox 999 1594 1095 1665; x_wconf 88' lang='lat' dir='ltr'><strong>parvo</strong></span> <span class='ocrx_word' id='word_1_115' title='bbox 1118 1589 1198 1643; x_wconf 87' lang='lat' dir='ltr'><strong>tern-</strong></span> 
     </span>
     <span class='ocr_line' id='line_1_17' title="bbox 60 1660 1310 1753; baseline 0 -24"><span class='ocrx_word' id='word_1_116' title='bbox 60 1685 143 1752; x_wconf 85' lang='lat' dir='ltr'><strong>pore</strong></span> <span class='ocrx_word' id='word_1_117' title='bbox 162 1662 475 1753; x_wconf 75' lang='lat' dir='ltr'><strong>regnum&#39;adeptus,</strong></span> <span class='ocrx_word' id='word_1_118' title='bbox 508 1684 583 1730; x_wconf 89' lang='lat' dir='ltr'><strong>mox</strong></span> <span class='ocrx_word' id='word_1_119' title='bbox 614 1662 690 1729; x_wconf 91' lang='lat' dir='ltr'><strong>iud</strong></span> <span class='ocrx_word' id='word_1_120' title='bbox 718 1660 856 1752; x_wconf 81' lang='lat' dir='ltr'><strong>perdidit</strong></span> <span class='ocrx_word' id='word_1_121' title='bbox 883 1661 999 1749; x_wconf 87' lang='lat' dir='ltr'><strong>pulsus.</strong></span> <span class='ocrx_word' id='word_1_122' title='bbox 1044 1660 1139 1728; x_wconf 91' lang='lat' dir='ltr'><strong>Unde</strong></span> <span class='ocrx_word' id='word_1_123' title='bbox 1164 1676 1239 1730; x_wconf 76' lang='lat' dir='ltr'><strong>etro</strong></span> <span class='ocrx_word' id='word_1_124' title='bbox 1305 1711 1310 1718; x_wconf 88' lang='lat'><em>-</em></span> 
     </span>
     <span class='ocr_line' id='line_1_18' title="bbox 61 1746 1196 1838; baseline -0.003 -22"><span class='ocrx_word' id='word_1_125' title='bbox 61 1748 104 1816; x_wconf 89' lang='lat' dir='ltr'><strong>ad</strong></span> <span class='ocrx_word' id='word_1_126' title='bbox 127 1760 231 1816; x_wconf 90' lang='lat' dir='ltr'><strong>rotam</strong></span> <span class='ocrx_word' id='word_1_127' title='bbox 252 1746 420 1817; x_wconf 90' lang='lat' dir='ltr'><strong>damnatus</strong></span> <span class='ocrx_word' id='word_1_128' title='bbox 442 1748 574 1829; x_wconf 89' lang='lat' dir='ltr'><strong>dicitur,</strong></span> <span class='ocrx_word' id='word_1_129' title='bbox 593 1749 668 1838; x_wconf 82' lang='lat' dir='ltr'><strong>quia</strong></span> <span class='ocrx_word' id='word_1_130' title='bbox 688 1760 780 1831; x_wconf 86' lang='lat' dir='ltr'><strong>rotae</strong></span> <span class='ocrx_word' id='word_1_131' title='bbox 803 1747 929 1836; x_wconf 82' lang='lat' dir='ltr'><strong>vertigo</strong></span> <span class='ocrx_word' id='word_1_132' title='bbox 948 1770 1077 1837; x_wconf 82' lang='lat' dir='ltr'><strong>semper</strong></span> <span class='ocrx_word' id='word_1_133' title='bbox 1100 1747 1196 1816; x_wconf 89' lang='lat' dir='ltr'><strong>insta-</strong></span> 
     </span>
     <span class='ocr_line' id='line_1_19' title="bbox 59 1833 1199 1923; baseline -0.004 -17"><span class='ocrx_word' id='word_1_134' title='bbox 59 1833 132 1907; x_wconf 87' lang='lat' dir='ltr'><strong>bilis</strong></span> <span class='ocrx_word' id='word_1_135' title='bbox 153 1834 303 1916; x_wconf 80' lang='lat' dir='ltr'><strong>volvitur3</strong></span> <span class='ocrx_word' id='word_1_136' title='bbox 337 1845 373 1903; x_wconf 90' lang='lat' dir='ltr'><strong>ut</strong></span> <span class='ocrx_word' id='word_1_137' title='bbox 401 1834 476 1901; x_wconf 90' lang='lat' dir='ltr'><strong>hinc</strong></span> <span class='ocrx_word' id='word_1_138' title='bbox 501 1846 628 1923; x_wconf 90' lang='lat' dir='ltr'><strong>pateat,</strong></span> <span class='ocrx_word' id='word_1_139' title='bbox 657 1833 745 1923; x_wconf 83' lang='lat' dir='ltr'><strong>qnod</strong></span> <span class='ocrx_word' id='word_1_140' title='bbox 772 1856 901 1913; x_wconf 88' lang='lat' dir='ltr'><strong>omues,</strong></span> <span class='ocrx_word' id='word_1_141' title='bbox 938 1833 992 1921; x_wconf 92' lang='lat' dir='ltr'><strong>qni</strong></span> <span class='ocrx_word' id='word_1_142' title='bbox 1021 1855 1081 1923; x_wconf 88' lang='lat' dir='ltr'><strong>pcr</strong></span> <span class='ocrx_word' id='word_1_143' title='bbox 1108 1855 1199 1901; x_wconf 88' lang='lat' dir='ltr'><strong>arma</strong></span> 
     </span>
     <span class='ocr_line' id='line_1_20' title="bbox 60 1920 1196 2010; baseline -0.004 -20"><span class='ocrx_word' id='word_1_144' title='bbox 60 1934 158 2010; x_wconf 87' lang='lat' dir='ltr'><strong>atque</strong></span> <span class='ocrx_word' id='word_1_145' title='bbox 176 1920 354 1987; x_wconf 79' lang='lat' dir='ltr'><strong>violentiam</strong></span> <span class='ocrx_word' id='word_1_146' title='bbox 374 1939 512 2008; x_wconf 86' lang='lat' dir='ltr'><strong>regnum</strong></span> <span class='ocrx_word' id='word_1_147' title='bbox 534 1920 724 2002; x_wconf 58' lang='lat' dir='ltr'><strong>affectant(</strong></span> <span class='ocrx_word' id='word_1_148' title='bbox 741 1921 845 1988; x_wconf 84' lang='lat' dir='ltr'><strong>subito</strong></span> <span class='ocrx_word' id='word_1_149' title='bbox 866 1921 1065 2007; x_wconf 68' lang='lat' dir='ltr'><strong>ereptiones,</strong></span> <span class='ocrx_word' id='word_1_150' title='bbox 1091 1921 1196 1989; x_wconf 89' lang='lat' dir='ltr'><strong>subito</strong></span> 
     </span>
     <span class='ocr_line' id='line_1_21' title="bbox 62 2003 1197 2092; baseline -0.003 -18"><span class='ocrx_word' id='word_1_151' title='bbox 62 2007 218 2074; x_wconf 86' lang='lat' dir='ltr'><strong>elisiones·</strong></span> <span class='ocrx_word' id='word_1_152' title='bbox 231 2006 422 2087; x_wconf 81' lang='lat' dir='ltr'><strong>sustineant·¹</strong></span> <span class='ocrx_word' id='word_1_153' title='bbox 472 2003 570 2083; x_wconf 83' lang='lat' dir='ltr'><strong>Quod</strong></span> <span class='ocrx_word' id='word_1_154' title='bbox 591 2017 698 2074; x_wconf 89' lang='lat' dir='ltr'><strong>autem</strong></span> <span class='ocrx_word' id='word_1_155' title='bbox 722 2005 877 2075; x_wconf 80' lang='lat' dir='ltr'><strong>Centauri</strong></span> <span class='ocrx_word' id='word_1_156' title='bbox 897 2005 964 2072; x_wconf 88' lang='lat' dir='ltr'><strong>ficti</strong></span> <span class='ocrx_word' id='word_1_157' title='bbox 984 2016 1074 2086; x_wconf 89' lang='lat' dir='ltr'><strong>suut,</strong></span> <span class='ocrx_word' id='word_1_158' title='bbox 1102 2006 1197 2092; x_wconf 85' lang='lat' dir='ltr'><strong>etiam</strong></span> 
     </span>
     <span class='ocr_line' id='line_1_22' title="bbox 60 2089 1241 2172; baseline 0.001 -14"><span class='ocrx_word' id='word_1_159' title='bbox 60 2093 116 2159; x_wconf 89' lang='lat' dir='ltr'><strong>hic</strong></span> <span class='ocrx_word' id='word_1_160' title='bbox 136 2090 231 2158; x_wconf 89' lang='lat' dir='ltr'><strong>datus</strong></span> <span class='ocrx_word' id='word_1_161' title='bbox 253 2102 304 2158; x_wconf 88' lang='lat' dir='ltr'><strong>cst</strong></span> <span class='ocrx_word' id='word_1_162' title='bbox 329 2090 418 2158; x_wconf 90' lang='lat' dir='ltr'><strong>locus</strong></span> <span class='ocrx_word' id='word_1_163' title='bbox 452 2090 587 2158; x_wconf 87' lang='lat' dir='ltr'><strong>fabulae.</strong></span> <span class='ocrx_word' id='word_1_164' title='bbox 639 2089 777 2167; x_wconf 81' lang='lat' dir='ltr'><strong>Quidam</strong></span> <span class='ocrx_word' id='word_1_165' title='bbox 809 2091 892 2158; x_wconf 88' lang='lat' dir='ltr'><strong>enim</strong></span> <span class='ocrx_word' id='word_1_166' title='bbox 920 2090 1096 2165; x_wconf 75' lang='lat' dir='ltr'><strong>Thessalus</strong></span> <span class='ocrx_word' id='word_1_167' title='bbox 1128 2114 1241 2172; x_wconf 63' lang='lat' dir='ltr'><strong>remus</strong></span> 
     </span>
     <span class='ocr_line' id='line_1_23' title="bbox 62 2175 1199 2266; baseline 0.001 -23"><span class='ocrx_word' id='word_1_168' title='bbox 62 2200 162 2266; x_wconf 85' lang='lat' dir='ltr'><strong>quum</strong></span> <span class='ocrx_word' id='word_1_169' title='bbox 180 2177 212 2247; x_wconf 92' lang='lat' dir='ltr'><strong>in</strong></span> <span class='ocrx_word' id='word_1_170' title='bbox 245 2175 468 2257; x_wconf 89' lang='lat' dir='ltr'><strong>Pelethronio,</strong></span> <span class='ocrx_word' id='word_1_171' title='bbox 499 2176 688 2244; x_wconf 75' lang='lat' dir='ltr'><strong>Thessaliae</strong></span> <span class='ocrx_word' id='word_1_172' title='bbox 710 2176 848 2266; x_wconf 89' lang='lat' dir='ltr'><strong>oppido,</strong></span> <span class='ocrx_word' id='word_1_173' title='bbox 873 2177 1020 2244; x_wconf 86' lang='lat' dir='ltr'><strong>satellites</strong></span> <span class='ocrx_word' id='word_1_174' title='bbox 1051 2199 1128 2243; x_wconf 85' lang='lat' dir='ltr'><strong>suos</strong></span> <span class='ocrx_word' id='word_1_175' title='bbox 1156 2179 1199 2244; x_wconf 88' lang='lat' dir='ltr'><strong>ad</strong></span> 
     </span>
     <span class='ocr_line' id='line_1_24' title="bbox 60 2261 1199 2351; baseline -0.001 -21"><span class='ocrx_word' id='word_1_176' title='bbox 60 2261 264 2330; x_wconf 83' lang='lat' dir='ltr'><strong>revocandos</strong></span> <span class='ocrx_word' id='word_1_177' title='bbox 301 2274 408 2330; x_wconf 91' lang='lat' dir='ltr'><strong>oestro</strong></span> <span class='ocrx_word' id='word_1_178' title='bbox 441 2262 621 2349; x_wconf 89' lang='lat' dir='ltr'><strong>exagitatos</strong></span> <span class='ocrx_word' id='word_1_179' title='bbox 651 2263 748 2328; x_wconf 87' lang='lat' dir='ltr'><strong>hoves</strong></span> <span class='ocrx_word' id='word_1_180' title='bbox 777 2263 929 2337; x_wconf 79' lang='lat' dir='ltr'><strong>misisset,</strong></span> <span class='ocrx_word' id='word_1_181' title='bbox 968 2262 1072 2351; x_wconf 89' lang='lat' dir='ltr'><strong>illique</strong></span> <span class='ocrx_word' id='word_1_182' title='bbox 1102 2285 1199 2330; x_wconf 89' lang='lat' dir='ltr'><strong>cursu</strong></span> 
     </span>
     <span class='ocr_line' id='line_1_25' title="bbox 60 2346 1200 2436; baseline -0.002 -19"><span class='ocrx_word' id='word_1_183' title='bbox 60 2372 119 2416; x_wconf 87' lang='lat' dir='ltr'><strong>eos</strong></span> <span class='ocrx_word' id='word_1_184' title='bbox 140 2348 270 2436; x_wconf 81' lang='lat' dir='ltr'><strong>assequi</strong></span> <span class='ocrx_word' id='word_1_185' title='bbox 297 2370 362 2414; x_wconf 92' lang='lat' dir='ltr'><strong>uon</strong></span> <span class='ocrx_word' id='word_1_186' title='bbox 389 2348 593 2426; x_wconf 80' lang='lat' dir='ltr'><strong>sufficereut3</strong></span> <span class='ocrx_word' id='word_1_187' title='bbox 627 2370 727 2435; x_wconf 84' lang='lat' dir='ltr'><strong>equos</strong></span> <span class='ocrx_word' id='word_1_188' title='bbox 755 2348 866 2436; x_wconf 77' lang='lat' dir='ltr'><strong>primi,</strong></span> <span class='ocrx_word' id='word_1_189' title='bbox 893 2348 1019 2416; x_wconf 84' lang='lat' dir='ltr'><strong>invento</strong></span> <span class='ocrx_word' id='word_1_190' title='bbox 1049 2346 1200 2415; x_wconf 89' lang='lat' dir='ltr'><strong>domandi</strong></span> 
     </span>
     <span class='ocr_line' id='line_1_26' title="bbox 26 2433 1199 2522; baseline -0.002 -19"><span class='ocrx_word' id='word_1_191' title='bbox 26 2464 30 2475; x_wconf 79' lang='grc'><em>·</em></span> <span class='ocrx_word' id='word_1_192' title='bbox 61 2458 142 2516; x_wconf 84' lang='lat' dir='ltr'><strong>usu,</strong></span> <span class='ocrx_word' id='word_1_193' title='bbox 165 2433 396 2514; x_wconf 87' lang='lat' dir='ltr'><strong>ascenderunt,</strong></span> <span class='ocrx_word' id='word_1_194' title='bbox 418 2455 593 2522; x_wconf 87' lang='lat' dir='ltr'><strong>eorumque</strong></span> <span class='ocrx_word' id='word_1_195' title='bbox 613 2433 662 2498; x_wconf 89' lang='lat' dir='ltr'><strong>usi</strong></span> <span class='ocrx_word' id='word_1_196' title='bbox 683 2433 858 2509; x_wconf 89' lang='lat' dir='ltr'><strong>velocitate,</strong></span> <span class='ocrx_word' id='word_1_197' title='bbox 881 2434 979 2500; x_wconf 86' lang='lat' dir='ltr'><strong>boves</strong></span> <span class='ocrx_word' id='word_1_198' title='bbox 1001 2433 1134 2500; x_wconf 90' lang='lat' dir='ltr'><strong>stimulis</strong></span> <span class='ocrx_word' id='word_1_199' title='bbox 1156 2435 1199 2501; x_wconf 88' lang='lat' dir='ltr'><strong>ad</strong></span> 
     </span>
     <span class='ocr_line' id='line_1_27' title="bbox 61 2519 1238 2608; baseline -0.002 -19"><span class='ocrx_word' id='word_1_200' title='bbox 61 2532 150 2590; x_wconf 86' lang='lat' dir='ltr'><strong>tecta</strong></span> <span class='ocrx_word' id='word_1_201' title='bbox 170 2533 408 2588; x_wconf 80' lang='lat' dir='ltr'><strong>revocaverunt.</strong></span> <span class='ocrx_word' id='word_1_202' title='bbox 450 2520 505 2586; x_wconf 90' lang='lat' dir='ltr'><strong>Hi·</strong></span> <span class='ocrx_word' id='word_1_203' title='bbox 521 2541 619 2608; x_wconf 88' lang='lat' dir='ltr'><strong>quum</strong></span> <span class='ocrx_word' id='word_1_204' title='bbox 641 2519 729 2606; x_wconf 88' lang='lat' dir='ltr'><strong>equis</strong></span> <span class='ocrx_word' id='word_1_205' title='bbox 751 2528 934 2597; x_wconf 90' lang='lat' dir='ltr'><strong>uterentur,</strong></span> <span class='ocrx_word' id='word_1_206' title='bbox 968 2529 1024 2585; x_wconf 90' lang='lat' dir='ltr'><strong>aut</strong></span> <span class='ocrx_word' id='word_1_207' title='bbox 1043 2519 1238 2587; x_wconf 75' lang='lat' dir='ltr'><strong>velocitsrse</strong></span> 
     </span>
     <span class='ocr_line' id='line_1_28' title="bbox 60 2603 1194 2692; baseline -0.002 -18"><span class='ocrx_word' id='word_1_208' title='bbox 60 2606 188 2685; x_wconf 90' lang='lat' dir='ltr'><strong>eundo,</strong></span> <span class='ocrx_word' id='word_1_209' title='bbox 220 2617 274 2672; x_wconf 88' lang='lat' dir='ltr'><strong>aut</strong></span> <span class='ocrx_word' id='word_1_210' title='bbox 299 2606 383 2671; x_wconf 90' lang='lat' dir='ltr'><strong>circa</strong></span> <span class='ocrx_word' id='word_1_211' title='bbox 404 2606 523 2671; x_wconf 89' lang='lat' dir='ltr'><strong>flumen</strong></span> <span class='ocrx_word' id='word_1_212' title='bbox 544 2605 690 2671; x_wconf 90' lang='lat' dir='ltr'><strong>Peneum</strong></span> <span class='ocrx_word' id='word_1_213' title='bbox 713 2627 812 2692; x_wconf 87' lang='lat' dir='ltr'><strong>equos</strong></span> <span class='ocrx_word' id='word_1_214' title='bbox 833 2603 987 2670; x_wconf 91' lang='lat' dir='ltr'><strong>inclinatis</strong></span> <span class='ocrx_word' id='word_1_215' title='bbox 1006 2625 1119 2671; x_wconf 91' lang='lat' dir='ltr'><strong>eorum</strong></span> <span class='ocrx_word' id='word_1_216' title='bbox 1140 2628 1194 2672; x_wconf 86' lang='lat' dir='ltr'><strong>ca-</strong></span> 
     </span>
     <span class='ocr_line' id='line_1_29' title="bbox 61 2689 1219 2781; baseline 0 -24"><span class='ocrx_word' id='word_1_217' title='bbox 61 2694 181 2781; x_wconf 91' lang='lat' dir='ltr'><strong>pitibus</strong></span> <span class='ocrx_word' id='word_1_218' title='bbox 200 2690 359 2780; x_wconf 89' lang='lat' dir='ltr'><strong>potando,</strong></span> <span class='ocrx_word' id='word_1_219' title='bbox 381 2691 485 2757; x_wconf 89' lang='lat' dir='ltr'><strong>locum</strong></span> <span class='ocrx_word' id='word_1_220' title='bbox 508 2689 667 2757; x_wconf 87' lang='lat' dir='ltr'><strong>dederuut</strong></span> <span class='ocrx_word' id='word_1_221' title='bbox 690 2689 832 2769; x_wconf 85' lang='lat' dir='ltr'><strong>fabulae,</strong></span> <span class='ocrx_word' id='word_1_222' title='bbox 854 2701 889 2755; x_wconf 92' lang='lat' dir='ltr'><strong>ut</strong></span> <span class='ocrx_word' id='word_1_223' title='bbox 909 2690 1064 2756; x_wconf 79' lang='lat' dir='ltr'><strong>Centauri</strong></span> <span class='ocrx_word' id='word_1_224' title='bbox 1084 2690 1219 2758; x_wconf 59' lang='lat' dir='ltr'><strong>crede:</strong></span> 
     </span>
     <span class='ocr_line' id='line_1_30' title="bbox 61 2773 1197 2858; baseline -0.002 -14"><span class='ocrx_word' id='word_1_225' title='bbox 61 2789 174 2846; x_wconf 88' lang='lat' dir='ltr'><strong>rentur</strong></span> <span class='ocrx_word' id='word_1_226' title='bbox 204 2799 286 2847; x_wconf 84' lang='lat' dir='ltr'><strong>esse.</strong></span> <span class='ocrx_word' id='word_1_227' title='bbox 341 2775 397 2842; x_wconf 80' lang='lat' dir='ltr'><strong>Alii</strong></span> <span class='ocrx_word' id='word_1_228' title='bbox 425 2775 553 2858; x_wconf 79' lang='lat' dir='ltr'><strong>dicum,</strong></span> <span class='ocrx_word' id='word_1_229' title='bbox 580 2777 818 2843; x_wconf 85' lang='lat' dir='ltr'><strong>Centaurorum</strong></span> <span class='ocrx_word' id='word_1_230' title='bbox 848 2773 986 2841; x_wconf 82' lang='lat' dir='ltr'><strong>fabulam</strong></span> <span class='ocrx_word' id='word_1_231' title='bbox 1017 2799 1089 2844; x_wconf 86' lang='lat' dir='ltr'><strong>esse</strong></span> <span class='ocrx_word' id='word_1_232' title='bbox 1120 2799 1197 2842; x_wconf 92' lang='lat' dir='ltr'><strong>cou-</strong></span> 
     </span>
     <span class='ocr_line' id='line_1_31' title="bbox 62 2859 1197 2954; baseline 0 -24"><span class='ocrx_word' id='word_1_233' title='bbox 62 2864 172 2931; x_wconf 83' lang='lat' dir='ltr'><strong>fictam</strong></span> <span class='ocrx_word' id='word_1_234' title='bbox 210 2859 253 2929; x_wconf 92' lang='lat' dir='ltr'><strong>ad</strong></span> <span class='ocrx_word' id='word_1_235' title='bbox 290 2860 528 2951; x_wconf 87' lang='lat' dir='ltr'><strong>exprimendam</strong></span> <span class='ocrx_word' id='word_1_236' title='bbox 559 2862 716 2929; x_wconf 89' lang='lat' dir='ltr'><strong>humanae</strong></span> <span class='ocrx_word' id='word_1_237' title='bbox 745 2863 827 2930; x_wconf 86' lang='lat' dir='ltr'><strong>vitae</strong></span> <span class='ocrx_word' id='word_1_238' title='bbox 861 2860 1078 2943; x_wconf 85' lang='lat' dir='ltr'><strong>velocitatem,</strong></span> <span class='ocrx_word' id='word_1_239' title='bbox 1123 2864 1197 2954; x_wconf 86' lang='lat' dir='ltr'><strong>quia</strong></span> 
     </span>
     <span class='ocr_line' id='line_1_32' title="bbox 61 2947 1240 3038; baseline -0.002 -22"><span class='ocrx_word' id='word_1_240' title='bbox 61 2971 181 3038; x_wconf 88' lang='lat' dir='ltr'><strong>equum</strong></span> <span class='ocrx_word' id='word_1_241' title='bbox 204 2959 329 3019; x_wconf 85' lang='lat' dir='ltr'><strong>constat</strong></span> <span class='ocrx_word' id='word_1_242' title='bbox 351 2971 421 3015; x_wconf 85' lang='lat' dir='ltr'><strong>esse</strong></span> <span class='ocrx_word' id='word_1_243' title='bbox 442 2947 680 3015; x_wconf 83' lang='lat' dir='ltr'><strong>velocissimum.</strong></span> <span class='ocrx_word' id='word_1_244' title='bbox 1203 2981 1240 3030; x_wconf 74' lang='lat'><strong>30</strong></span> 
     </span>
    </p>
   </div>
   <div class='ocr_carea' id='block_1_7' title="bbox 55 3111 1281 4285">
    <p class='ocr_par' dir='ltr' id='par_1_7' title="bbox 411 3111 845 3191">
     <span class='ocr_line' id='line_1_33' title="bbox 411 3111 845 3191; baseline 0.005 -3"><span class='ocrx_word' id='word_1_245' title='bbox 411 3111 504 3188; x_wconf 82' lang='lat' dir='ltr'><strong>l08.</strong></span> <span class='ocrx_word' id='word_1_246' title='bbox 558 3115 845 3191; x_wconf 85' lang='lat' dir='ltr'><strong>Pirithous.</strong></span> 
     </span>
    </p>

    <p class='ocr_par' dir='ltr' id='par_1_8' title="bbox 55 3242 1281 4285">
     <span class='ocr_line' id='line_1_34' title="bbox 147 3242 1197 3347; baseline 0 -36"><span class='ocrx_word' id='word_1_247' title='bbox 147 3242 329 3321; x_wconf 86' lang='lat' dir='ltr'><strong>Pirithous,</strong></span> <span class='ocrx_word' id='word_1_248' title='bbox 363 3243 572 3347; x_wconf 72' lang='lat' dir='ltr'><strong>Lapitharum</strong></span> <span class='ocrx_word' id='word_1_249' title='bbox 602 3243 811 3311; x_wconf 74' lang='lat' dir='ltr'><strong>Thessalicae</strong></span> <span class='ocrx_word' id='word_1_250' title='bbox 841 3243 948 3332; x_wconf 85' lang='lat' dir='ltr'><strong>gentis</strong></span> <span class='ocrx_word' id='word_1_251' title='bbox 983 3265 1056 3323; x_wconf 85' lang='lat' dir='ltr'><strong>rex,</strong></span> <span class='ocrx_word' id='word_1_252' title='bbox 1099 3265 1197 3332; x_wconf 84' lang='lat' dir='ltr'><strong>quum</strong></span> 
     </span>
     <span class='ocr_line' id='line_1_35' title="bbox 64 3327 1197 3420; baseline 0 -22"><span class='ocrx_word' id='word_1_253' title='bbox 64 3351 198 3398; x_wconf 84' lang='lat' dir='ltr'><strong>uxorem</strong></span> <span class='ocrx_word' id='word_1_254' title='bbox 226 3327 471 3418; x_wconf 78' lang='lat' dir='ltr'><strong>Hippodamiam</strong></span> <span class='ocrx_word' id='word_1_255' title='bbox 501 3328 654 3408; x_wconf 90' lang='lat' dir='ltr'><strong>duceret,</strong></span> <span class='ocrx_word' id='word_1_256' title='bbox 688 3330 804 3398; x_wconf 88' lang='lat' dir='ltr'><strong>vicinos</strong></span> <span class='ocrx_word' id='word_1_257' title='bbox 831 3331 985 3420; x_wconf 84' lang='lat' dir='ltr'><strong>populos,</strong></span> <span class='ocrx_word' id='word_1_258' title='bbox 1016 3332 1197 3398; x_wconf 90' lang='lat' dir='ltr'><strong>Centauros</strong></span> 
     </span>
     <span class='ocr_line' id='line_1_36' title="bbox 64 3414 1196 3505; baseline -0.002 -21"><span class='ocrx_word' id='word_1_259' title='bbox 64 3417 161 3484; x_wconf 55' lang='lat' dir='ltr'><strong>mam</strong></span> <span class='ocrx_word' id='word_1_260' title='bbox 188 3414 369 3496; x_wconf 87' lang='lat' dir='ltr'><strong>Rhoetum,</strong></span> <span class='ocrx_word' id='word_1_261' title='bbox 401 3416 536 3481; x_wconf 90' lang='lat' dir='ltr'><strong>Pholum</strong></span> <span class='ocrx_word' id='word_1_262' title='bbox 565 3426 599 3482; x_wconf 88' lang='lat' dir='ltr'><strong>et</strong></span> <span class='ocrx_word' id='word_1_263' title='bbox 625 3415 804 3504; x_wconf 87' lang='lat' dir='ltr'><strong>Hylaeum,</strong></span> <span class='ocrx_word' id='word_1_264' title='bbox 832 3417 962 3484; x_wconf 87' lang='lat' dir='ltr'><strong>etalios</strong></span> <span class='ocrx_word' id='word_1_265' title='bbox 985 3415 1196 3505; x_wconf 69' lang='lat' dir='ltr'><strong>quampluri</strong></span> 
     </span>
     <span class='ocr_line' id='line_1_37' title="bbox 65 3499 1257 3589; baseline 0.001 -19"><span class='ocrx_word' id='word_1_266' title='bbox 65 3526 152 3582; x_wconf 88' lang='lat' dir='ltr'><strong>mos,</strong></span> <span class='ocrx_word' id='word_1_267' title='bbox 174 3515 210 3569; x_wconf 89' lang='lat' dir='ltr'><strong>et</strong></span> <span class='ocrx_word' id='word_1_268' title='bbox 230 3499 308 3567; x_wconf 81' lang='lat' dir='ltr'><strong>deos</strong></span> <span class='ocrx_word' id='word_1_269' title='bbox 327 3524 453 3582; x_wconf 87' lang='lat' dir='ltr'><strong>omnes,</strong></span> <span class='ocrx_word' id='word_1_270' title='bbox 483 3512 618 3589; x_wconf 90' lang='lat' dir='ltr'><strong>excepto</strong></span> <span class='ocrx_word' id='word_1_271' title='bbox 640 3501 760 3582; x_wconf 79' lang='lat' dir='ltr'><strong>Marte,</strong></span> <span class='ocrx_word' id='word_1_272' title='bbox 793 3501 835 3570; x_wconf 90' lang='lat' dir='ltr'><strong>ad</strong></span> <span class='ocrx_word' id='word_1_273' title='bbox 863 3503 1037 3569; x_wconf 86' lang='lat' dir='ltr'><strong>convivium</strong></span> <span class='ocrx_word' id='word_1_274' title='bbox 1066 3503 1257 3578; x_wconf 71' lang='lat' dir='ltr'><strong>vocavituu·</strong></span> 
     </span>
     <span class='ocr_line' id='line_1_38' title="bbox 55 3587 1281 3667; baseline 0 -12"><span class='ocrx_word' id='word_1_275' title='bbox 55 3587 163 3655; x_wconf 84' lang='lat' dir='ltr'><strong>Unde</strong></span> <span class='ocrx_word' id='word_1_276' title='bbox 192 3609 309 3653; x_wconf 86' lang='lat' dir='ltr'><strong>numen</strong></span> <span class='ocrx_word' id='word_1_277' title='bbox 335 3588 467 3665; x_wconf 90' lang='lat' dir='ltr'><strong>iratum,</strong></span> <span class='ocrx_word' id='word_1_278' title='bbox 497 3588 636 3654; x_wconf 89' lang='lat' dir='ltr'><strong>immisso</strong></span> <span class='ocrx_word' id='word_1_279' title='bbox 664 3588 789 3667; x_wconf 78' lang='lat' dir='ltr'><strong>furore,</strong></span> <span class='ocrx_word' id='word_1_280' title='bbox 820 3590 1019 3656; x_wconf 83' lang='lat' dir='ltr'><strong>convivantes</strong></span> <span class='ocrx_word' id='word_1_281' title='bbox 1046 3587 1088 3653; x_wconf 90' lang='lat' dir='ltr'><strong>ad</strong></span> <span class='ocrx_word' id='word_1_282' title='bbox 1108 3611 1197 3655; x_wconf 89' lang='lat' dir='ltr'><strong>arma</strong></span> <span class='ocrx_word' id='word_1_283' title='bbox 1276 3624 1281 3639; x_wconf 37' lang='lat' dir='ltr'><strong>a</strong></span> 
     </span>
     <span class='ocr_line' id='line_1_39' title="bbox 65 3673 1198 3762; baseline 0.001 -22"><span class='ocrx_word' id='word_1_284' title='bbox 65 3673 246 3741; x_wconf 79' lang='lat' dir='ltr'><strong>commorit.</strong></span> <span class='ocrx_word' id='word_1_285' title='bbox 304 3673 457 3740; x_wconf 87' lang='lat' dir='ltr'><strong>Centauri</strong></span> <span class='ocrx_word' id='word_1_286' title='bbox 491 3696 628 3762; x_wconf 87' lang='lat' dir='ltr'><strong>namque</strong></span> <span class='ocrx_word' id='word_1_287' title='bbox 665 3697 761 3761; x_wconf 91' lang='lat' dir='ltr'><strong>quum</strong></span> <span class='ocrx_word' id='word_1_288' title='bbox 801 3674 870 3740; x_wconf 81' lang='lat' dir='ltr'><strong>rino</strong></span> <span class='ocrx_word' id='word_1_289' title='bbox 905 3673 1123 3756; x_wconf 84' lang='lat' dir='ltr'><strong>incaluissent,</strong></span> <span class='ocrx_word' id='word_1_290' title='bbox 1166 3683 1198 3741; x_wconf 90' lang='lat' dir='ltr'><strong>et</strong></span> 
     </span>
     <span class='ocr_line' id='line_1_40' title="bbox 66 3757 1197 3851; baseline -0.001 -25"><span class='ocrx_word' id='word_1_291' title='bbox 66 3759 192 3848; x_wconf 90' lang='lat' dir='ltr'><strong>puellae</strong></span> <span class='ocrx_word' id='word_1_292' title='bbox 216 3759 362 3825; x_wconf 89' lang='lat' dir='ltr'><strong>nubentis</strong></span> <span class='ocrx_word' id='word_1_293' title='bbox 394 3759 563 3827; x_wconf 89' lang='lat' dir='ltr'><strong>thalamum</strong></span> <span class='ocrx_word' id='word_1_294' title='bbox 594 3757 706 3827; x_wconf 85' lang='lat' dir='ltr'><strong>vellent</strong></span> <span class='ocrx_word' id='word_1_295' title='bbox 732 3761 925 3849; x_wconf 91' lang='lat' dir='ltr'><strong>irrumpere,</strong></span> <span class='ocrx_word' id='word_1_296' title='bbox 956 3773 989 3827; x_wconf 89' lang='lat' dir='ltr'><strong>et</strong></span> <span class='ocrx_word' id='word_1_297' title='bbox 1015 3761 1086 3827; x_wconf 86' lang='lat' dir='ltr'><strong>vino</strong></span> <span class='ocrx_word' id='word_1_298' title='bbox 1114 3759 1197 3851; x_wconf 92' lang='lat' dir='ltr'><strong>pleni</strong></span> 
     </span>
     <span class='ocr_line' id='line_1_41' title="bbox 66 3844 1196 3936; baseline -0.001 -24"><span class='ocrx_word' id='word_1_299' title='bbox 66 3846 204 3921; x_wconf 81' lang='lat' dir='ltr'><strong>aliorum</strong></span> <span class='ocrx_word' id='word_1_300' title='bbox 229 3844 324 3911; x_wconf 89' lang='lat' dir='ltr'><strong>etiam</strong></span> <span class='ocrx_word' id='word_1_301' title='bbox 346 3845 552 3936; x_wconf 87' lang='lat' dir='ltr'><strong>Lapitharum</strong></span> <span class='ocrx_word' id='word_1_302' title='bbox 574 3867 689 3911; x_wconf 88' lang='lat' dir='ltr'><strong>uxores</strong></span> <span class='ocrx_word' id='word_1_303' title='bbox 710 3857 902 3913; x_wconf 88' lang='lat' dir='ltr'><strong>conarentur</strong></span> <span class='ocrx_word' id='word_1_304' title='bbox 923 3868 958 3912; x_wconf 90' lang='lat' dir='ltr'><strong>ra</strong></span> <span class='ocrx_word' id='word_1_305' title='bbox 1019 3869 1054 3927; x_wconf 90' lang='lat' dir='ltr'><strong>e,</strong></span> <span class='ocrx_word' id='word_1_306' title='bbox 1086 3871 1105 3912; x_wconf 91' lang='lat' dir='ltr'><strong>a</strong></span> <span class='ocrx_word' id='word_1_307' title='bbox 1131 3846 1196 3912; x_wconf 83' lang='lat' dir='ltr'><strong>La-</strong></span> 
     </span>
     <span class='ocr_line' id='line_1_42' title="bbox 65 3930 1239 4020; baseline 0.002 -24"><span class='ocrx_word' id='word_1_308' title='bbox 65 3933 161 4020; x_wconf 83' lang='lat' dir='ltr'><strong>pithis</strong></span> <span class='ocrx_word' id='word_1_309' title='bbox 192 3943 227 3998; x_wconf 91' lang='lat' dir='ltr'><strong>et</strong></span> <span class='ocrx_word' id='word_1_310' title='bbox 256 3953 276 3996; x_wconf 90' lang='lat' dir='ltr'><strong>a</strong></span> <span class='ocrx_word' id='word_1_311' title='bbox 304 3952 385 4017; x_wconf 85' lang='lat' dir='ltr'><strong>rege</strong></span> <span class='ocrx_word' id='word_1_312' title='bbox 418 3952 527 3997; x_wconf 90' lang='lat' dir='ltr'><strong>eorum</strong></span> <span class='ocrx_word' id='word_1_313' title='bbox 559 3930 704 3998; x_wconf 91' lang='lat' dir='ltr'><strong>Pirithoo</strong></span> <span class='ocrx_word' id='word_1_314' title='bbox 738 3933 809 3999; x_wconf 87' lang='lat' dir='ltr'><strong>victi</strong></span> <span class='ocrx_word' id='word_1_315' title='bbox 842 3955 915 3998; x_wconf 90' lang='lat' dir='ltr'><strong>corr</strong></span> <span class='ocrx_word' id='word_1_316' title='bbox 1081 3930 1239 4009; x_wconf 68' lang='lat' dir='ltr'><strong>Eideman</strong></span> 
     </span>
     <span class='ocr_line' id='line_1_43' title="bbox 64 4015 1195 4107; baseline 0 -24"><span class='ocrx_word' id='word_1_317' title='bbox 64 4040 200 4106; x_wconf 81' lang='lat' dir='ltr'><strong>pugnae</strong></span> <span class='ocrx_word' id='word_1_318' title='bbox 229 4017 347 4084; x_wconf 84' lang='lat' dir='ltr'><strong>Caenis</strong></span> <span class='ocrx_word' id='word_1_319' title='bbox 375 4015 531 4097; x_wconf 84' lang='lat' dir='ltr'><strong>interluit,</strong></span> <span class='ocrx_word' id='word_1_320' title='bbox 563 4018 615 4106; x_wconf 91' lang='lat' dir='ltr'><strong>qui</strong></span> <span class='ocrx_word' id='word_1_321' title='bbox 647 4019 733 4106; x_wconf 89' lang='lat' dir='ltr'><strong>prius</strong></span> <span class='ocrx_word' id='word_1_322' title='bbox 761 4018 870 4106; x_wconf 80' lang='lat' dir='ltr'><strong>virg03</strong></span> <span class='ocrx_word' id='word_1_323' title='bbox 899 4043 918 4107; x_wconf 94' lang='lat' dir='ltr'><strong>p</strong></span> <span class='ocrx_word' id='word_1_324' title='bbox 1077 4029 1195 4107; x_wconf 87' lang='lat' dir='ltr'><strong>eptuno</strong></span> 
     </span>
     <span class='ocr_line' id='line_1_44' title="bbox 65 4102 1195 4206; baseline 0.002 -38"><span class='ocrx_word' id='word_1_325' title='bbox 65 4127 125 4206; x_wconf 94' lang='lat' dir='ltr'><strong>pro</strong></span> <span class='ocrx_word' id='word_1_326' title='bbox 158 4102 262 4191; x_wconf 90' lang='lat' dir='ltr'><strong>stupri</strong></span> <span class='ocrx_word' id='word_1_327' title='bbox 287 4103 428 4191; x_wconf 88' lang='lat' dir='ltr'><strong>praemio</strong></span> <span class='ocrx_word' id='word_1_328' title='bbox 459 4126 552 4169; x_wconf 84' lang='lat' dir='ltr'><strong>sexus</strong></span> <span class='ocrx_word' id='word_1_329' title='bbox 588 4106 793 4173; x_wconf 90' lang='lat' dir='ltr'><strong>mutationem</strong></span> <span class='ocrx_word' id='word_1_330' title='bbox 830 4125 928 4170; x_wconf 81' lang='lat' dir='ltr'><strong>merui</strong></span> <span class='ocrx_word' id='word_1_331' title='bbox 1061 4105 1195 4170; x_wconf 86' lang='lat' dir='ltr'><strong>tetiam</strong></span> 
     </span>
     <span class='ocr_line' id='line_1_45' title="bbox 64 4187 1193 4285; baseline -0.003 -27"><span class='ocrx_word' id='word_1_332' title='bbox 64 4187 308 4260; x_wconf 78' lang='lat' dir='ltr'><strong>invulnerahihs.</strong></span> <span class='ocrx_word' id='word_1_333' title='bbox 356 4188 541 4278; x_wconf 89' lang='lat' dir='ltr'><strong>Pugnando</strong></span> <span class='ocrx_word' id='word_1_334' title='bbox 567 4200 672 4260; x_wconf 88' lang='lat' dir='ltr'><strong>tamen</strong></span> <span class='ocrx_word' id='word_1_335' title='bbox 702 4189 1087 4285; x_wconf 31' lang='lat' dir='ltr'><strong>cumvlaapithis&#39;coutra&#39;</strong></span> <span class='ocrx_word' id='word_1_336' title='bbox 1109 4188 1193 4257; x_wconf 87' lang='lat' dir='ltr'><strong>Cen-</strong></span> 
     </span>
    </p>
   </div>
   <div class='ocr_carea' id='block_1_8' title="bbox 0 0 1352 4606">
    <p class='ocr_par' dir='ltr' id='par_1_9' title="bbox 0 0 1352 4606">
     <span class='ocr_line' id='line_1_46' title="bbox 0 0 1352 4606; baseline 0 0"><span class='ocrx_word' id='word_1_337' title='bbox 0 0 1352 4606; x_wconf 95' lang='lat' dir='ltr'><strong> </strong></span> 
     </span>
    </p>
   </div>
   <div class='ocr_carea' id='block_1_9' title="bbox 920 1084 1323 1152">
    <p class='ocr_par' dir='ltr' id='par_1_10' title="bbox 920 1084 1323 1152">
     <span class='ocr_line' id='line_1_47' title="bbox 920 1084 1323 1152; baseline 0 -23"><span class='ocrx_word' id='word_1_338' title='bbox 920 1085 992 1129; x_wconf 86' lang='lat' dir='ltr'><strong>eam</strong></span> <span class='ocrx_word' id='word_1_339' title='bbox 1011 1084 1198 1152; x_wconf 82' lang='lat' dir='ltr'><strong>regnorum.</strong></span> <span class='ocrx_word' id='word_1_340' title='bbox 1320 1106 1323 1129; x_wconf 62' lang='lat'>2</span> 
     </span>
    </p>
   </div>
  </div>
 </body>
</html>
