2684 4606
268 131 478 281 shlpthogr.
508 118 586 255 111,-
636 177 675 252 8.
732 162 936 252 19--2‘dlh¹
1087 157 1208 257 ⁷211*
1294 139 1297 143 ·

36 362 200 449 quintum,
238 366 406 431 memorari
429 361 515 450 quod
540 360 649 450 capis3
682 369 823 440 sextum,
852 360 893 426 de
915 357 972 431 tuo
1002 361 1116 515 alipuid
1140 369 1181 434 si·
1238 350 1241 354 Χ

35 448 109 514 rasile
139 450 169 515 ei
206 449 294 536 quod
328 449 505 530 memineris
551 447 709 527 invenire3
749 446 935 534 septimum,
975 472 1037 536 quo
1094 451 1179 517 inve‘-

32 535 120 600 ueris
166 534 331 624 judicare3
389 547 553 616 octavum,
599 532 643 598 de
679 555 719 598 ec
753 531 839 620 quod
875 534 1000 623 judicas
1041 537 1179 625 eligere3

34 641 171 699 nonum,
202 621 290 709 quod
320 620 456 708 elegeris
498 623 581 699 bene,
609 616 763 706 proferre.
817 617 917 685 Alium
946 619 1073 708 quidum
1109 625 1178 691 ntu-

34 726 143 771 sarum
181 706 346 785 ordinem,
389 706 546 793 aliamque
580 703 691 770 scribit
724 703 893 790 Remigius
930 708 1201 794 expositionem35

33 784 111 869 bed,
152 804 188 860 ut
219 793 293 878 mihi
311 793 422 860 ,visum
452 805 517 871 est,
556 790 658 856 minus
693 787 869 856 evidentem
911 804 942 857 et
976 805 1097 860 tautum
1132 798 1172 859 ad
1202 791 1232 850 J

33 876 205 959 lectionem
227 878 372 944 Martiani
393 879 622 964 pertinentem,
653 872 792 961 ideoque
816 878 975 962 praesenti
999 882 1087 966 operi
1116 903 1178 946 non

28 961 173 1050 judicavi
210 965 433 1033 necessariam.
498 946 560 1027 His
589 960 704 1051 igitur,
746 970 781 1026 ut
822 962 1052 1047 praediximus,
1097 967 1178 1033 velut

31 1047 224 1134 quibusdam
248 1048 291 1114 ad
313 1048 498 1137 sapientiam
525 1047 683 1134 gradibus
717 1044 846 1134 Apollo,
884 1050 1058 1135 sapientiae
1088 1051 1177 1132 deus,
1206 1096 1229 1123 —.

32 1154 96 1199 non
128 1135 285 1201 immerito
309 1134 442 1221 fingitur
464 1131 656 1221 praesidere.
1187 1165 1220 1214 tu

119 1221 170 1285 19.
213 1219 401 1286 Secundum
421 1220 464 1310 ph
488 1219 571 1285 sicos
598 1229 705 1283 tamen
726 1213 824 1303 longe
845 1216 904 1283 alia
925 1220 1049 1286 ratione
1072 1219 1174 1302 Musis

29 1325 184 1390 praeesse
222 1304 355 1386 dicitur3
393 1244 486 1391 quod
519 1303 664 1369 videlicet
698 1301 746 1367 sol
780 1303 810 1366 iu
848 1302 952 1369 medio
978 1306 1176 1393 planetarum

31 1391 155 1476 positus
177 1403 276 1458 totam
312 1392 494 1456 mundanae
524 1387 742 1455 concinentiae
774 1391 1024 1475 magnitudinem
1052 1403 1173 1479 tempe-

29 1497 105 1540 rare
128 1477 334 1544 existimatur.
389 1477 441 1541 De
462 1498 527 1563 quo
552 1473 695 1540 Tullius:
739 1471 852 1554 “Dux,
883 1474 1004 1562 iuquit,
1037 1488 1069 1541 et
1092 1479 1185 1562 prin-‚

29 1584 109 1649 ceps
144 1575 177 1628 et
210 1564 393 1628 moderator
431 1561 582 1626 luminum
614 1559 825 1646 reliquorum,
867 1584 956 1625 mens
999 1563 1106 1626 mundi
1142 1576 1174 1628 et
1184 1591 1216 1637 15
1273 1582 1276 1586 ·

30 1649 251 1734 temperatio''.
308 1649 441 1712 Habent
474 1647 556 1710 enim
580 1644 782 1730 theologicae
803 1645 947 1712 rationes
974 1648 1075 1734 ipsum
1106 1648 1170 1734 plu·

28 1746 143 1798 netem*
155 1736 367 1821 septemques
392 1733 506 1797 hastas
526 1730 686 1820 subjectas
702 1729 808 1819 jungi,
830 1733 1024 1798 et-continuo
1042 1757 1175 1820 propor-
1273 1735 1277 1739 ’

26 1818 132 1907 tiones
161 1820 297 1887 musicas
334 1817 509 1884 amricem
546 1826 693 1884 servante
727 1830 836 1895 motu,
884 1818 1026 1906 singulas
1079 1843 1175 1885 sorios

28 1904 174 1990 singulos
218 1916 252 1971 et
300 1904 534 1971 concinentiam
577 1903 746 1968 maximam
799 1903 960 1968 conficere
1004 1906 1175 1972 universas.

27 1988 163 2074 Addunt
182 2012 312 2079 quoque
357 1989 535 2076 hamingi,
570 2010 683 2053 uorem
715 1987 824 2054 Musas
856 1989 928 2054 nibil
959 1988 1043 2056 aliud
1063 1991 1216 2061 intelli-ao

50 2074 172 2154 endas,
204 2099 300 2164 quam
330 2014 399 2144 ill
422 2074 631 2163 sphaerarum
662 2073 801 2140 musicos
840 2089 971 2154 cantus,
1008 2090 1041 2144 et
1077 2100 1171 2144 uuam
1214 2088 1217 2105 ¹
1261 2148 1264 2157 ,

24 2161 33 2176 ’
57 2183 126 2241 am,
147 2184 232 2249 quae
253 2185 292 2228 ex
314 2163 461 2228 omnibus
482 2160 729 2227 consonantibus
751 2161 937 2241 conficitur,
966 2161 1171 2235 hamtoniam.

25 2245 124 2317 Unde
146 2259 180 2314 et
201 2257 347 2314 octavam
375 2247 545 2325 Uraniam',
574 2245 607 2310 id
642 2255 691 2310 est
719 2245 917 2325 caelestem,
951 2270 1065 2313 nonam
1097 2263 1172 2314 tero

23 2331 172 2413 Musam,
193 2333 294 2420 ipsam
316 2331 463 2400 videlicet
484 2344 559 2398 octo
580 2353 694 2396 vocum
713 2330 966 2409 universitatem,
996 2333 1173 2422 Calliopen,
1200 2396 1203 2402 Δ
1300 2343 1304 2351 ’

24 2416 59 2483 id
74 2429 129 2509 est
161 2419 314 2505 optimae
334 2420 427 2483 vocis
455 2418 574 2483 dicunt.
627 2415 812 2481 Secundum
846 2416 1031 2504 Remigium
1061 2432 1212 2493 taruenat

23 2502 120 2592 hujus
141 2503 328 2570 harmoniae
348 2504 430 2569 ratic
454 2504 547 2591 paulo
566 2501 655 2568 aliter
674 2498 865 2586 assignatur.
909 2503 959 2568 Ex
975 2515 1060 2569 terra
1076 2507 1168 2585 enim,

25 2610 124 2690 quam
147 2588 198 2654 alii
226 2589 416 2656 immobilem
445 2602 477 2657 et
512 2590 579 2654 sine
610 2608 690 2652 sono
724 2609 796 2651 esse
830 2601 994 2668 asserunt,
1038 2591 1171 2657 innuere

24 2673 151 2742 videtur
180 2696 298 2742 nonum
333 2697 447 2742 sonum
491 2674 666 2762 provenire.
720 2671 825 2736 Porro
859 2672 951 2762 hujus
987 2675 1170 2742 harmoniae

23 2758 73 2825 sol
93 2752 243 2849 princeps
267 2772 326 2828 est.
381 2760 457 2848 Ipse
482 2762 564 2827 enim
593 2759 624 2825 in
646 2755 752 2824 medio
770 2757 844 2824 =Vlt
875 2760 1101 2845 sphaerarum,
1135 2775 1167 2830 ut

23 2843 427 2928 dixtmmconsttmtus,
460 2856 582 2912 earum'
598 2845 769 2923 stationes,
800 2865 914 2911 cursus
943 2857 976 2912 et
1005 2870 1210 2927 recursantis
1250 2870 1322 2907 -Δ

23 2930 83 2997 sed
105 2941 139 2998 et
159 2931 350 3021 elevationes
372 2943 404 2999 et
427 2931 649 3019 depressiones
679 2953 739 2996 sua
768 2929 798 2993 vi
827 2931 949 2996 variare
971 2933 1168 3005 abastrolo-

21 3016 76 3118 gis
105 3039 179 3085 com
203 3013 343 3096 robatur.
397 3017 477 3083 Inde
516 3018 611 3083 etiam
624 3062 627 3067 -
641 3015 728 3103 apud
760 3015 907 3082 Graecos
937 3021 1168 3107 Manceps-'una
1205 3065 1211 3070 -

20 3101 128 3171 adest
191 3127 336 3168 usurum
353 3106 536 3190 princeps,
559 3100 663 3168 dictus
684 3112 750 3167 est
805 3102 892 3167 Hinc
915 3115 948 3168 et
973 3126 1098 3192 cygnus
1129 3110 1167 3187 ei,

46 3187 113 3253 uod
145 3196 266 3255 'cancro
300 3188 365 3256 avis
396 3191 462 3268 ost,
512 3188 610 3274 juxta·
637 3183 822 3273 Remigium
865 3202 1072 3258 consecratus
1095 3207 1171 3259 est«

20 3211 212 3351 gecuudum
233 3273 396 3341 nonnullos
418 3285 525 3340 tamen
546 3295 643 3361 quum
664 3273 728 3339 sint
749 3294 880 3353 novem,
910 3285 946 3340 ut
966 3275 1072 3363 ajunt,
1105 3280 1165 3345 cir·
1174 3297 1207 3347 ³5
1224 3312 1226 3329 =

21 3359 84 3425 culi
119 3360 292 3440 mundani,
337 3383 496 3438 summus,
538 3382 634 3447 quem
667 3355 853 3441 draconar
872 3357 998 3438 dicunt,
1035 3377 1069 3430 et
1096 3364 1165 3430 ulti-

19 3467 109 3526 mus,
145 3446 199 3534 qui
220 3456 368 3513 terrenus
397 3456 465 3525 est,
498 3466 578 3511 sono
609 3453 729 3512 carent.
781 3443 913 3531 Septem
943 3457 1017 3512 sunt
1048 3449 1166 3536 reliqui,

21 3542 150 3618 septem
172 3531 380 3598 discrimina
413 3553 534 3597 vocum
556 3528 782 3607 conficientes,
812 3551 948 3616 quorum
971 3530 1164 3601 hannoniam

18 3612 193 3705 Orpheus,
212 3628 248 3684 ut
269 3618 453 3704 perbibent,
486 3617 605 3705 primus
627 3615 668 3680 de
693 3612 857 3698 rehendit;
886 3616 973 3682 uude
995 3631 1028 3685 et
1049 3622 1230 3708 Apolli-to

18 3702 67 3769 uis
90 3702 193 3769 Gallio
217 3726 316 3790 esque
337 3703 420 3788 libus
441 3703 557 3768 meruit
577 3638 737 3791 appellari.
1120 3758 1126 3767 ,
1183 3706 1185 3711 ‘

101 3789 154 3856 20.
194 3725 277 3856 huit
304 3802 411 3856 autem
441 3788 611 3876 Orpheus,
656 3800 694 3854 ut
726 3785 926 3874 pauxillulum
956 3790 1163 3876 expatiemur,

18 3873 64 3940 rir
83 3875 240 3957 maximus
262 3885 328 3942 tam
358 3875 477 3960 ingenii
507 3873 695 3943 claritudine
718 3895 812 3960 quam
835 3873 1037 3962 eloquentiae
1059 3881 1162 3944 suari·
1180 3932 1197 3965 ,ἰ

17 3970 83 4027 tate
116 3960 333 4049 praefulgens.
392 3959 555 4033 Sacerdos
585 3960 689 4027 dictus
719 3969 786 4036 est,
817 3961 894 4046 quia
927 3971 960 4026 et
988 3960 1161 4049 theologus
1196 3968 1207 4043 l
1305 3960 1317 3968 ’

19 4045 93 4123 suit,
128 4049 278 4134 etorgia
299 4046 418 4133 primus
441 4046 584 4112 instituit.
629 4046 717 4132 ¹Ipse
739 4043 1001 4130 etiamshomines
1036 4048 1160 4116 irratio·
1205 4052 1212 4127 ’ξ

16 4130 161 4199 habiliter
184 4134 321 4199 viventes
345 4132 504 4197 rhetorica
536 4131 704 4197 dulcedine
729 4136 774 4194 'ex
806 4127 881 4194 seris
909 4140 941 4195 et
970 4131 1206 4202 immanibusts

17 4216 108 4311 mites
128 4217 269 4286 reddidit
287 4228 322 4295 ,et
346 4231 545 4296 mansuetos,
569 4229 601 4284 et
622 4239 660 4288 en
683 4215 778 4303 ragis
799 4211 957 4305 durisque
980 4219 1185 4301 cumpusmt.
1289 4219 1294 4226 ’

701 4329 869 4435 w

1307 3704 1316 3739 l
