2692 4606
105 230 107 235 >
172 140 1280 307 Mmffiffioemmpflbffilmntfflhs

44 373 202 428 actualiter
214 391 268 426 non
286 371 486 440 dissolvuntur,
504 371 553 425 sed
568 371 735 427 naturaliter
752 372 787 430 L.
803 400 851 429 ·-.
864 376 902 425 32
919 373 1085 430 dissoluatur
1101 377 1137 432 N.
1155 408 1191 423 -
1299 415 1300 418 κ

45 451 86 501 33
99 454 245 517 pateretur
262 444 297 497 N.
314 438 358 483 -'·
375 444 445 513 illi),
456 461 509 499 om.
526 444 559 498 L.
577 473 621 486 —-
639 448 676 497 34
693 443 797 513 igitur)
816 459 868 498 om.
881 445 914 499 Ι..
928 476 973 490 -
990 451 1026 501 35
1047 448 1116 517 ideo)
1139 467 1191 505 om.

45 519 86 573 N.
107 548 154 561 --
170 525 198 568 et
221 516 283 586 ipsa
309 515 334 568 L
362 515 397 574 N.
422 544 458 556 -
481 517 517 568 33
541 515 596 567 ileu
617 514 651 569 L.
686 515 778 569 “Haec
802 531 904 583 quoque
928 517 1046 573 Platonis
1064 524 1193 575 sententie

47 592 108 654 est,
138 589 181 641 eui
199 586 334 640 videbatur
351 588 424 641 Deus
440 586 668 658 rotundus,„quia
687 589 757 640 nulla
773 587 809 640 eit
826 587 957 656 pulchrior
983 592 1142 646 rotunditate
1159 596 1192 646 li-

47 658 164 785 gure.''N
179 659 283 712 Mnus.
300 685 336 733 -5
354 668 383 710 et
403 657 483 730 plato
511 676 657 730 numquam
680 657 715 736 L.
732 691 768 704 -
792 667 915 756 ·tqstatur
944 659 979 715 N.
996 694 1034 706 -
1049 668 1085 716 37
1108 663 1193 717 inter-

48 730 118 784 dicit
163 766 172 784 ο
189 760 226 774 '-
278 768 282 775 ¹
1177 742 1180 747 Ι

137 828 190 895 14.
233 843 339 908 tamen)
357 851 449 894 autem
468 843 492 897 L
511 845 546 898 N.
563 867 608 884 ·-·
623 849 659 899 39
683 843 785 911 idest)
809 858 862 897 om.
879 845 912 898 L.
931 877 975 891 --
992 851 1028 899 40
1052 847 1195 922 unicuique

46 915 92 969 rei
107 915 185 969 ml.
203 944 248 958 -
265 918 307 968 41⁴
318 914 420 966 invenit
438 915 480 980 N;
497 915 617 983 innuunt
634 917 730 979 1..,-
747 919 784 968 42
801 915 894 967 divina
912 917 946 973 N.
963 951 1008 962 —
1025 920 1059 981 43
1072 919 1195 990 formam

47 1004 104 1042 om.
123 986 158 1040 N.
175 1015 212 1028 -
233 984 449 1039 rationalitatem
467 986 502 1043 N.
518 1017 554 1033 -
571 1004 600 1054 p.
618 991 679 1054 182,
698 991 714 1039 l
730 986 805 1054 plur.
832 988 903 1044 vult.
919 986 952 1043 L.
970 1019 1007 1031 —
1023 993 1041 1041 3
1061 1008 1112 1058 pro
1136 1011 1195 1045 cor·

43 1057 227 1131 parabilitate
251 1057 305 1109 diu.
329 1057 354 1109 Ι.
378 1056 413 1113 N.
437 1088 474 1100 —
497 1061 515 1112 4
537 1075 622 1111 exerc.
646 1066 754 1111 canstat
777 1058 813 1115 L.
834 1090 879 1102 ·-
902 1064 921 1112 8
945 1061 1083 1130 relinquat
1107 1062 1142 1115 N.
1157 1084 1194 1107 -.

46 1149 145 1206 πονε.1
156 1128 207 1182 uir.
222 1129 247 1181 L
265 1127 301 1180 N.
318 1158 363 1171 —
380 1131 398 1180 o
415 1127 518 1181 Anima
534 1147 577 1182 en.
596 1139 629 1180 ut
647 1129 763 1181 diximus
788 1137 841 1183 etc.
861 1130 902 1183 Ν.
923 1131 968 1174 ·-“-
987 1136 1022 1185 10
1039 1130 1121 1183 hahet
1134 1124 1201 1202 pot.

47 1201 89 1256 Ν.
105 1232 151 1245 -
169 1204 204 1252 12
221 1197 383 1250 mundanam
406 1199 530 1268 eandem)
544 1217 609 1254 ·om.
632 1201 673 1266 1.;
696 1199 817 1269 eandem)
840 1216 893 1256 om.
918 1202 954 1256 N.
970 1232 1015 1248 -
1032 1207 1066 1255 13
1091 1205 1195 1271 anima)

47 1289 107 1326 om·
124 1276 148 1328 L
166 1271 201 1324 Ν.
218 1300 263 1316 --
280 1270 309 1323 iu
327 1287 432 1339 corpore
449 1289 506 1322 csse
523 1271 557 1324 Ν.-
574 1302 613 1316 -
627 1272 657 1325 in
673 1272 791 1324 homines
814 1271 869 1325 viv·
892 1273 939 1338 M3
961 1273 991 1326 in
1015 1293 1122 1344 corpore
1139 1277 1194 1333 riv.
1295 1271 1299 1285 ¹

47 1344 89 1403 N.
106 1373 152 1386 —
167 1345 203 1395 14
221 1340 290 1393 duas
308 1340 377 1396 hom.
395 1358 442 1405 an.
459 1342 499 1410 L;
516 1341 586 1394 duas
603 1360 648 1395 an.
666 1344 747 1398 eund.
764 1343 833 1397 horn.
851 1344 885 1402 N.
903 1366 970 1390 -v

43 1443 1197 1531 flmmmm-nmmLu-mmmmm
1293 1453 1297 1471 ¹

49 1529 90 1585 Ν.
107 1558 152 1571 -
170 1534 205 1582 18
223 1532 313 1600 Nam)
331 1546 382 1583 om·
400 1531 431 1584 M
448 1530 483 1583 Ν.
500 1560 546 1574 -
564 1529 600 1580 ab
618 1530 744 1583 hebraica
762 1532 880 1583 veritate
898 1533 929 1586 Μ
947 1531 981 1586 Ν.
998 1562 1043 1577 -
1061 1536 1095 1584 18
1120 1532 1195 1584 arhi-

48 1609 162 1654 trantes
179 1601 215 1655 N.
231 1632 277 1646 -
293 1600 470 1675 quio.dicunt
484 1602 523 1656 M.
548 1633 593 1647 -
611 1602 737 1675 fratris)
760 1619 812 1656 om.
839 1601 879 1656 Μ.
906 1629 950 1642 -
973 1606 1010 1654 20
1034 1602 1072 1652 ad
1096 1621 1136 1659 me
1162 1605 1195 1656 de

50 1670 149 1738 terra)
164 1688 216 1730 om.
233 1674 268 1727 Ι..
285 1701 330 1714 ·-
348 1677 383 1724 21
403 1673 447 1738 de)
475 1691 535 1725 cum
560 1674 594 1729 N.
611 1709 655 1720 —
689 1673 762 1727 Abel
784 1677 877 1737 erant)
902 1671 1047 1725 abluerant
1073 1673 1195 1744 incorpo-

50 1743 172 1796 randum
197 1743 244 1812 M3
276 1743 322 1799 ubi
352 1744 440 1808 Majus
475 1745 534 1798 “Ita
562 1745 635 1813 cod..
661 1744 759 1817 inquit.
811 1746 922 1800 Videtur
945 1741 1195 1809 tamen'dicendum
1302 1772 1309 1790 ·

50 1813 189 1884 optabant
205 1814 396 1886 incorporari.”
412 1849 457 1862 -
473 1821 510 1869 22
527 1816 557 1868 in
574 1835 645 1886 corp.
669 1814 739 1875 licut.
765 1816 790 1869 L
815 1815 851 1869 Ν.
869 1847 917 1869 -,
930 1820 966 1869 23
993 1816 1080 1879 auct.)
1107 1812 1197 1894 ‹ligni-
1278 1874 1284 1893 Ι

50 1886 127 1938 tatis
143 1887 174 1938 Μ
190 1886 226 1940 Ν.
242 1920 288 1934 -
303 1889 340 1939 24
357 1886 475 1954 efficitur
491 1887 575 1941 MN.
591 1913 638 1926 —
653 1888 683 1939 in
709 1887 788 1956 vita)
817 1888 926 1940 munita
947 1887 987 1943 M.
1004 1915 1048 1928 -
1065 1891 1103 1940 27
1125 1889 1197 1939 dice-

51 1957 142 2024 bant)
159 1957 255 2010 uolunt
271 1959 306 2016 Ν.
324 1987 369 2000 -
384 1963 421 2011 28
439 1958 489 2011 hoc
505 1959 579 2013 trah.
596 1959 640 2026 1.;
656 1959 687 2010 id
702 1959 777 2011 trah.
793 1957 828 2013 N.
845 1985 890 1999 ·-
916 1969 944 2010 et
971 1958 1041 2025 insp·
1057 1959 1081 2012 L
1099 1959 1134 2018 N.
1152 1989 1197 2002 -·-
1299 1986 1301 1992 ¹

50 2032 93 2081 2⁹
113 2030 147 2079 ut
161 2031 244 2099 ajunt
260 2030 296 2083 N.
313 2059 359 2074 --
373 2035 410 2083 30
427 2031 498 2081 redit
514 2030 548 2083 L.
565 2061 609 2074 -
625 2034 660 2083 31
688 2030 730 2081 Hi
754 2029 843 2102 igitur
868 2030 916 2082 deo
937 2030 973 2083 N.
995 2061 1041 2075 ·-
1058 2040 1142 2102 tamq.
1165 2039 1197 2082 ,et

52 2097 165 2152 divisio.
180 2101 218 2153 sit
234 2098 281 2154 ael
295 2099 388 2153 localis
406 2101 447 2167 N3
464 2101 508 2154 uel
523 2101 643 2171 diuis.,L
662 2102 702 2154 Μ.
719 2132 764 2144 -
780 2105 817 2153 32
833 2101 928 2155 Assar.
945 2101 1055 2174 quidam
1081 2118 1130 2171 pro
1148 2101 1198 2152 alii
1278 2122 1282 2142 ·-

52 2170 83 2227 L
101 2170 137 2223 N.
154 2199 190 2210 -
207 2176 243 2224 33
268 2171 373 2223 innasci
396 2173 430 2234 L.
454 2201 491 2213 —
513 2157 550 2226 34
576 2182 604 2224 et
631 2172 732 2238 anima)
760 2188 814 2225 om.
838 2171 885 2236 M3
907 2171 950 2222 ita
971 2173 1063 2223 anima
1080 2173 1141 2240 filii
1165 2173 1198 2224 dc
1297 2181 1298 2186 ’

54 2241 151 2294 anim'a
163 2243 257 2315 patris
271 2253 386 2312 putetur
398 2261 441 2313 pr.
459 2242 494 2296 Ν.
512 2269 547 2284 -
565 2243 682 2295 traliunt
705 2260 811 2314 argum.
835 2241 867 2293 de
889 2242 993 2293 sinulit.
1019 2245 1063 2308 M3
1090 2261 1197 2314 argum.
1304 2266 1307 2275 ¹

53 2313 199 2366 trahentes
220 2331 239 2364 a
262 2333 333 2366 cons·
358 2313 392 2368 N.
417 2340 453 2354 -·
476 2319 514 2367 38
538 2312 664 2366 indutriae
690 2314 730 2370 M.
753 2342 791 2355 -
814 2331 862 2364 nec
884 2312 958 2382 hinc¹
971 2313 1076 2365 areimas
1093 2332 1141 2365 nec
1167 2315 1197 2368 il.

54 2384 136 2437 nasci
152 2385 193 2451 1..
210 2387 254 2453 qui
272 2387 372 2452 reliqua
388 2387 448 2438 inde
464 2402 481 2439 a
497 2384 583 2439 verbis
600 2385 644 2438 uel
667 2384 753 2436 creari
771 2423 778 2438 .
793 2424 801 2438 .
817 2422 825 2437 .
841 2424 848 2439 .
866 2402 972 2452 corpore
996 2385 1072 2438 nasci
1093 2401 1153 2438 cum
1171 2386 1198 2441 N

54 2457 156 2510 omisit.
174 2485 211 2498 -
226 2458 263 2509 38
295 2456 350 2509 uod
365 2467 407 2509 est
425 2466 505 2524 temp·
521 2458 561 2522 1.;
580 2457 646 2529 quq‘a
661 2474 685 2509 e.
704 2465 728 2507 t.
752 2456 787 2512 N.
805 2483 840 2494 -
857 2459 894 2507 39
921 2456 992 2526 quo}
1015 2456 1087 2529 quod
1109 2457 1198 2510 1..-

55 2531 97 2580 40
113 2527 142 2578 in
159 2477 318 2597 corporeL·
331 2528 365 2581 N.
385 2556 420 2568 -
454 2529 554 2581 “Immo
579 2529 735 2586 contrarium
758 2527 856 2596 passim
876 2527 1053 2580 demonstrant
1078 2527 1200 2581 catholici

17 2632 21 2639 -
55 2597 204 2671 philosophi
229 2616 261 2652 ac
285 2598 415 2667 theologi,
446 2615 512 2666 quos
543 2601 612 2652 inter
638 2600 784 2651 Monteirus
807 2614 882 2669 prop.
906 2597 942 2650 X.
986 2598 1089 2652 Videsis
1119 2601 1199 2651 etiem
1231 2598 1237 2610 ⁸
1322 2632 1324 2637 «

53 2671 205 2736 fragmento
222 2673 381 2729 Graecorum
398 2672 505 2723 Petrum
523 2687 539 2725 a
553 2687 594 2724 me
612 2670 682 2724 edito
698 2672 726 2724 io
742 2676 814 2724 tomo
832 2669 847 2722 l
871 2669 935 2722 coll.
957 2671 1018 2725 Vnt.
1042 2671 1068 2722 in
1093 2670 1199 2724 Leontii
1306 2701 1307 2705 =

51 2743 176 2811 ,locorum
194 2758 326 2795 sacrorum
343 2742 509 2810 specimino.”
544 2743 652 2803 Mnus.⁴

147 2841 197 2907 16.
220 2857 304 2927 duae)
321 2874 374 2912 om·
391 2857 416 2911 L
434 2855 468 2913 N.
487 2884 522 2896 -
540 2856 610 2910 vites
627 2869 694 2924 sunt,
711 2858 737 2913 N
753 2858 787 2911 L.
805 2885 839 2897 -
856 2854 961 2920 altera)
989 2853 1092 2907 atalia
1109 2855 1149 2910 M·
1162 2846 1199 2899 -ἕ
1294 2847 1297 2861 ’

54 2931 102 2993 42,
112 2927 240 2998 inferior)
254 2931 376 2999 superior
392 2928 428 2985 N.
445 2957 482 2968 -
499 2927 613 2995 Animae
629 2968 698 2983 ....
716 2946 799 2997 usque
816 2928 852 2982 ad
867 2947 896 2998 p·
912 2930 981 2993 183,
998 2931 1019 2979 2
1039 2928 1199 2996 superiorem

57 2998 149 3053 omisit
173 3000 207 3053 L.
233 3019 324 3070 super.
350 3019 392 3057 en.
416 2999 504 3052 celest.
533 2999 568 3055 N.
594 3029 631 3042 -
652 3005 687 3054 43
712 3018 741 3052 cc
764 3001 815 3052 illa
839 2997 1010 3066 concupiscam
1037 2997 1072 3052 Ν.
1096 3027 1130 3039 -
1162 2998 1199 3063 44

54 3071 178 3126 Artimus
195 3081 286 3123 autem
304 3072 339 3125 Ν.
357 3101 390 3110 -
411 3071 459 3143 qui
483 3070 518 3123 Ν.
536 3097 572 3110 —·
591 3075 626 3126 45
649 3091 719 3129 cons.
744 3090 816 3141 corp·
838 3071 874 3128 N.
901 3097 936 3109 -
953 3072 990 3121 46
1014 3071 1066 3121 Est
1094 3088 1199 3143 quoque

55 3160 123 3210 sup.
138 3141 174 3196 Ν.
190 3171 226 3182 -
252 3147 403 3212 ρι183,2
427 3141 476 3194 sed
496 3141 650 3212 inferiorem
671 3144 707 3197 N.
723 3170 760 3184 —
794 3145 847 3194 Est
870 3150 961 3192 autem
983 3140 1023 3193 Ν.
1048 3168 1089 3194 -.
1109 3159 1154 3194 ere
1174 3143 1198 3201 L

55 3213 102 3278 N3
120 3215 195 3264 Evae
212 3213 253 3270 M.
269 3241 306 3256 -
323 3219 340 3267 3
355 3213 463 3279 texis..)
478 3213 614 3266 extitisset
631 3214 666 3268 L.
683 3243 720 3256 -
754 3214 830 3280 Eua)
847 3229 900 3266 om·
923 3212 962 3266 M.
979 3239 1010 3250 -
1037 3209 1120 3282 i'nfcr.
1137 3215 1200 3273 Eva

56 3282 99 3341 N.
117 3312 152 3327 ·-
168 3290 186 3338 6
203 3289 276 3352 pott.
293 3295 320 3336 et
338 3285 364 3338 N
382 3286 421 3341 M.
437 3311 474 3325 ·-
491 3289 510 3336 't
527 3283 558 3336 si
575 3285 702 3357 inquiunt
721 3285 815 3340 ete.L
840 3284 962 3338 Ν.-8
987 3283 1057 3354 qua)
1085 3301 1134 3334 cur
1158 3285 1199 3349 1..

56 3374 123 3407 cum
141 3354 175 3410 Ν.
193 3384 229 3394 -
246 3360 264 3409 8
281 3357 449 3426 incorporeae
466 3373 519 3408 non
536 3356 569 3409 L.
592 3383 619 3396 -
639 3357 695 3412 vid.
713 3366 764 3409 tot.
782 3356 818 3412 Ν.
847 3382 880 3395 ·-·
905 3353 1010 3419 uiroc.
1026 3362 1068 3406 est
1092 3352 1119 3407 N
1124 3374 1133 3420 3
1156 3355 1199 3407 ui-

56 3425 184 3479 cinitatis
200 3436 242 3480 cst
260 3427 292 3484 L.
311 3455 346 3469 -
365 3432 399 3481 lo
415 3429 491 3498 agn.)
509 3444 662 3499 cognoscere
677 3429 703 3483 J.
720 3428 756 3481 Ν.
774 3453 808 3468 -
826 3425 940 3496 coeperit
952 3422 992 3497 ¹N.
1009 3453 1045 3465 -
1063 3429 1098 3477 12
1120 3426 1200 3494 post)
1296 3493 1298 3498 Ι

56 3515 116 3552 om.
133 3499 158 3551 L
174 3498 210 3551 Ν.
226 3526 262 3538 -
279 3497 408 3552 oblivione
425 3499 461 3552 Ν.
478 3528 514 3540 -
550 3501 624 3555 Serv.
641 3499 675 3551 nd
702 3501 750 3553 Ae.
768 3503 801 3564 8,
818 3500 880 3551 114.
902 3524 937 3537 ···
952 3499 992 3550 14
1016 3495 1125 3562 iterum)
1146 3514 1198 3550 om.

21 3590 25 3601 ·
56 3570 98 3625 N.
115 3594 151 3609 -
170 3569 202 3620 de
219 3569 302 3624 caelis
327 3571 352 3623 L
377 3571 412 3626 Ν.
435 3597 471 3610 -
496 3575 531 3623 16
551 3570 770 3640 philosophorum
792 3568 952 3620 sententiam
971 3565 1033 3638 sut.
1060 3567 1092 3624 L.
1110 3595 1146 3606 -
1165 3574 1199 3622 16

57 3640 157 3712 flag.)
176 3643 222 3696 Ae.
241 3647 274 3707 6,
299 3646 364 3696 715.
894 3666 899 3675 ·
1079 3634 1085 3649 Χ

148 3743 198 3808 ll·
220 3775 246 3812 v.
265 3763 299 3812 19
317 3758 451 3828 expressio
477 3770 519 3812 est
539 3761 574 3815 N.
600 3788 635 3800 -
658 3758 757 3830 quom.)
783 3753 901 3826 qualiter
925 3757 966 3822 L;
989 3756 1097 3828 quando
1119 3757 1200 3813 viikl.

56 3826 106 3885 uel
124 3828 242 3898 qualiter
257 3830 293 3883 N.
310 3859 347 3872 —
368 3837 404 3883 20
416 3830 538 3901 suerunt
555 3832 589 3887 N.
624 3830 713 3883 “luter
731 3832 832 3880 ceteros
856 3827 901 3879 diu
923 3831 1082 3896 multumque
1107 3831 1133 3881 in
1151 3829 1200 3902 hoc

58 3907 217 3967 argumento
234 3908 353 3970 versetur
369 3902 479 3955 Procius
496 3904 608 3956 ineditus
627 3901 661 3955 ad
678 3901 722 3953 lib.
739 3899 766 3952 X
785 3899 849 3966 reip.
868 3899 1011 3956 Platonis?
1047 3900 1151 3954 Muros·
1163 3931 1201 3943 -·

19 3992 25 3997 ·
56 3977 99 4026 20
117 3982 174 4024 tom
190 3983 260 4027 sont.
285 3991 366 4045 quam
389 3973 476 4026 innoc.
503 3968 648 4027 secundum
669 3969 841 4041 philosophos
865 3969 906 4020 aci
926 3981 1005 4024 astra
1027 3981 1202 4025 reuertuntur

15 4042 25 4067 ⁸
59 4042 237 4114 (reseruntur
254 4043 293 4114 Ι.)
311 4054 344 4096 ut
370 4043 459 4096 ariter
481 4044 529 4112 (ut
552 4049 635 4115 ajunt
658 4043 698 4112 N)
720 4060 771 4112 pro
798 4046 849 4093 etc.
874 4042 899 4094 L
922 4042 957 4098 N.
980 4069 1015 4081 -
1039 4046 1076 4094 22
1097 4048 1201 4113 pretio)

59 4114 156 4166 merito
174 4115 207 4172 N.
226 4141 262 4156 -
278 4125 385 4168 aeteme
403 4115 447 4181 M,
465 4118 510 4183 qui
529 4133 581 4171 om.
597 4116 675 4170 lucis·
692 4141 728 4153 -
746 4114 800 4167 abl.
818 4110 870 4165 luc·
889 4123 950 4184 opta·
962 4113 1095 4166 nwrch·
1115 4142 1147 4155 -
1164 4119 1200 4168 23
1259 4114 1264 4121 ’

57 4184 142 4248 malis
159 4205 248 4238 comm.
267 4187 291 4239 L
307 4187 392 4240 Ν.-
409 4187 581 4255 proiciantur
596 4187 683 4239 stellis
708 4183 750 4249 N;
769 4180 858 4235 stellis
877 4185 1031 4253 puniantur
1054 4183 1109 4248 Mt,
1129 4187 1207 4250 proi-

57 4257 172 4311 ciuntur
189 4259 223 4314 L.
240 4286 276 4327 ··.
291 4260 329 4319 24
344 4257 386 4327 ita
404 4274 455 4316 om.
472 4259 496 4314 1.
514 4259 551 4315 Ν.
569 4288 604 4298 -
621 4258 692 4312 idem
708 4253 854 4327 snm.
871 4257 986 4312 sossffie.
1000 4255 1230 4318 &moses-

791 4357 861 4441 9..
