2684 4606
162 176 240 251 rsa
418 188 439 237 κ
484 116 703 273 'nrynop
739 173 793 247 ιι.
848 172 943 248 rsa.

160 375 193 431 et
213 364 257 427 ob
277 362 342 427 boc
362 357 491 426 dimissa
521 357 700 447 provincia,
730 360 816 427 venit
846 359 889 427 ad
921 359 1065 441 Italiam,
1097 362 1315 453 expulsisqne'

157 447 401 535 Aboriginibus,
421 443 522 511 tenuit
543 443 632 523 loca,
651 445 683 511 in
705 446 820 533 quibus
840 468 927 515 nunc
948 458 998 516 est
1018 448 1148 531 Roma3
1180 464 1215 517 et
1233 475 1294 519 mo

158 533 265 601 dicum
287 530 437 621 oppidum
455 527 598 598 fundarit
617 530 650 597 in
668 544 778 609 monte
797 532 954 601 Palatino.
996 534 1063 601 ffic
1083 556 1176 607 mona
1197 534 1295 605 dictus

159 632 210 689 est
229 619 391 685 Palatinus
420 634 440 683 a
467 615 627 696 Pallante,
661 640 722 683 avo
749 617 909 699 Evandri,
943 618 991 685 rel
1018 641 1039 687 a
1066 620 1131 687 fllia
1157 622 1294 691 Evandri

135 703 344 781 oPallantea,
380 704 422 769 ab
442 702 585 768 Hercule
605 702 729 783 vitiata,
766 716 799 771 et
818 704 880 770 illic
901 704 1044 793 sepulta,
1077 705 1126 775 rel
1149 710 1295 777 comest

87 832 92 855 ι
158 791 228 859 e'us
249 792 312 858 filio
332 788 493 866 Pallante,
526 788 681 855 n'l'umo
702 791 890 873 interfecto,
919 801 955 859 et
973 791 1035 858 illic
1056 792 1192 880 sepulto.
1238 795 1295 863 Ubi

182 899 235 943 um
267 873 457 963 aliquamdiu
485 886 646 953 moratur,
683 874 860 965 bovesque,
885 899 971 1027 quos
1005 879 1114 946 occiso
1145 881 1296 971 Geryone

156 961 362 1041 abstulerat,¹
379 971 543 1050 pasceret,
586 961 713 1040 Cacus,
749 984 860 1029 servus

154 1047 337 1127 furebatnr3
373 1070 454 1135 qnos
486 1046 580 1113 etiam
615 1046 713 1113 varaia
740 1048 882 1135 vestigiis
916 1047 1021 1115 cauda
1042 1047 1085 1116 ad
1112 1050 1295 1139 speluncam

113 1133 269 1214 temnit,
303 1155 346 1199 ne
374 1133 479 1221 aliqua
508 1130 643 1217 vestigia
662 1145 871 1220 quaerentem
892 1133 935 1200 ad
956 1134 1141 1223 speluncam
1164 1136 1293 1207 ferrent.

154 1220 246 1295 Quos
263 1217 386 1309 jamdiu
414 1216 575 1321 quaesitos
611 1239 711 1305 quum
743 1218 903 1285 Hercules
932 1221 1059 1307 mugitu
1087 1223 1180 1289 unius
1210 1226 1294 1293 bovis

151 1304 317 1395 prodente.
330 1304 517 1382 inrenrssot,
538 1305 662 1371 Cacum
685 1302 729 1370 de
747 1305 901 1395 spelunca
920 1314 1077 1388 tractum,
1102 1320 1136 1381 et
1158 1307 1295 1379 lumeam

177 1401 356 1459 vomentem
395 1389 562 1477 caliginem
599 1390 726 1457 oceidit
783 1391 911 1460 Dicitur
946 1405 1054 1460 autem
1081 1391 1157 1459 ideo
1187 1398 1293 1465 Cacus

106 1414 235 1545 sdtus
266 1476 364 1544 luisse
395 1474 545 1555 Vulcani,
579 1496 637 1541 ore
664 1476 774 1564 ignem
803 1490 836 1546 et
866 1476 986 1543 sumum
1014 1501 1182 1561 evomens,
1221 1487 1293 1572 quia

89 1556 262 1630 ''ltomnia
290 1563 390 1629 vicina
420 1563 498 1648 igne
524 1559 747 1664 populabatur.
790 1562 916 1631 Veritas
936 1572 1041 1631 tamen
1060 1564 1179 1648 babet,
1210 1568 1293 1637 bunc

155 1649 254 1717 luisse
274 1647 417 1739 Evandri
441 1668 664 1735 nequrssrmum
697 1650 837 1716 ειειιίιιιι.Ι
887 1647 1042 1716 Novimus
1065 1650 1166 1732 enim,
1189 1650 1293 1725 κακόν

152 1758 174 1803 a
201 1735 338 1801 Graecis
368 1732 503 1798 molum
533 1731 604 1797 dici.
657 1732 772 1820 Ignem
803 1740 910 1801 autem
940 1735 1044 1802 dictus
1076 1748 1127 1803 est
1151 1762 1294 1821 vomere,

127 1821 241 1909 quod
269 1841 367 1907 agros
395 1818 473 1903 igne
501 1816 724 1906 populabatur.
765 1819 870 1922 Igitur
897 1820 1000 1888 omnis
1026 1821 1144 1890 malitia
1169 1826 1293 1913 sumum

153 1916 300 1986 eructat,
319 1928 359 1970 eo
379 1901 468 1993 quod
489 1905 650 1969 contraria
673 1905 714 1971 sit
736 1905 868 1973 veritati.
896 1907 995 1972 Hunc
1014 1928 1107 1974 soror
1128 1930 1187 1978 sua
1209 1912 1311 2005 ejus,

39 2012 42 2017 ·
109 1990 227 2058 ”dem
247 1990 381 2057 nominis
402 1987 550 2078 prodidit
595 1987 691 2054 Unde
711 1990 861 2058 sacellum
886 1993 1020 2071 meruit,
1039 1994 1072 2060 in
1093 2016 1157 2082 quo
1180 1997 1211 2063 ei
1232 2020 1324 2089 per'

150 2078 432 2231 grgineprthstae
451 2074 705 2227 εέοοᾶίεὶεοὲῒῑιιιυέὲ
744 2076 985 2230 llumffleem
1006 2080 1165 2233 gqchles
1178 2096 1292 2193 ‘morte

183 2184 409 2229 acrvruem
612 2207 621 2237 ‚
828 2188 849 2229 ιι
990 2190 1045 2231 ss
1124 2190 1247 2239 usess

149 2250 286 2315 maxima
310 2250 338 2315 ei
361 2185 532 2315 conalituta
547 2258 596 2311 est
618 2267 693 2326 ara,
715 2184 811 2334 qllam
832 2250 965 2316 Herculi
980 2188 1157 2339 Delphicus
1176 2186 1291 2344 Apoll

155 2334 187 2400 in
218 2335 309 2402 ltalia
338 2335 408 2400 lore
435 2331 648 2421 praedixerat
691 2332 798 2407 Quum
828 2358 908 2423 ergo
931 2337 974 2400 de
998 2360 1057 2403 suo
1079 2352 1224 2409 armento
1248 2342 1289 2411 ad

110 2427 214 2487 ibana
233 2421 390 2487 sacrificia
412 2417 553 2485 dedisset
570 2416 728 2505 quaedam
751 2419 868 2510 capita,
889 2423 1005 2489 inventi
1022 2434 1096 2491 sunt
1113 2422 1179 2493 duo
1195 2452 1288 2498 senes

147 2504 297 2574 Pinarius
319 2518 352 2575 et
371 2505 527 2586 Potitius,
548 2505 679 2592 quibus,
701 2505 834 2593 qualiter
855 2530 892 2574 se
913 2508 974 2574 coli
998 2507 1107 2590 vellet,
1130 2515 1288 2596 ostendit;

76 2636 80 2643 -
148 2592 271 2661 scilicet
300 2604 337 2661 ut
364 2615 459 2659 mane
488 2596 521 2659 el
547 2592 944 2677 vesperersacrificaretur.
992 2592 1148 2665 Perfecto
1178 2601 1288 2691 itaquo

147 2681 304 2746 matutino
332 2676 509 2757 sacrificio,
543 2697 640 2764 quum
670 2673 758 2741 circa
788 2678 863 2745 solis
888 2702 1040 2747 occasum
1063 2696 1173 2754 essent
1195 2710 1288 2757 saera

105 2759 1209 2927 ,1333th‘alttllttlbtllttl,dltt'lbl’tltattt
1222 2774 1288 2929 ip

143 2934 230 3088 rpplia
258 2944 382 3003 tautum
412 2934 666 3005 ministrasset
696 2902 1048 3023 epulantibus'Potitiis
1069 2953 1103 3010 et
1123 2944 1287 3037 compleu-

143 3031 171 3090 ιι
195 3044 232 3089 us
256 3040 360 3092 sacra.

917 961 1046 1043 randri,
1084 964 1145 1031 sibi
1175 966 1294 1056 aliquos

519 3230 613 3309 154.
666 3232 904 3313 Admetus.

226 3352 399 3446 Admetus,
437 3383 494 3432 rex
527 3363 704 3447 Graeciae,
743 3365 902 3435 Alcestam
929 3366 961 3433 in
992 3367 1147 3459 conjugio
1181 3372 1285 3462 petiit,

100 3451 239 3544 ancujus
268 3465 361 3543 pater
388 3446 527 3516 edictum
558 3452 741 3540 proposuit,
778 3463 815 3520 ut
843 3454 966 3542 siquis
994 3453 1075 3521 duas
1107 3454 1194 3524 feras
1225 3461 1286 3531 sibi

141 3538 285 3629 dispares
315 3561 374 3606 suo
405 3536 512 3602 currui
537 3535 574 3625 ju
622 3550 709 3618 eret,
745 3536 829 3605 illam
859 3540 890 3604 in
923 3538 1074 3631 conjugio
1109 3544 1284 3633 acciperet.

140 3625 294 3693 Admetus
323 3622 495 3691 bollinem
528 3632 592 3690 ει,
627 3623 766 3691 erculem
791 3625 823 3690 in
852 3625 1001 3692 auxilium
1023 3625 1129 3714 petiit,
1174 3632 1282 3719 quiei

141 3710 184 3777 ad
205 3733 333 3777 currum
366 3722 477 3776 eonem
496 3719 530 3774 et
549 3730 660 3796 aprum
674 3709 857 3799 junxerunt.
898 3711 949 3779 lta
969 3710 1128 3781 Alcestam
1148 3714 1180 3781 in
1203 3740 1283 3785 eon.

136 3795 264 3887 jugium
289 3797 423 3885 accepit.
466 3794 638 3882 Quumque
657 3795 688 3861 in
710 3797 921 3864 infirmitatem
946 3798 1099 3867 Admetus
1135 3800 1281 3887 cederet,

99 3891 176 3951 soet
206 3894 339 3950 mortem
370 3882 429 3950 sibi
459 3880 602 3961 timeret,
639 3904 827 3971 responsum
852 3896 901 3950 est
927 3884 969 3949 ab
998 3885 1145 3952 oraculo:
1177 3912 1283 3975 posse

140 3990 220 4033 eum
240 3970 506 4041 odlzucoivere,
528 3966 684 4046 aiassae,
714 3968 776 4056 qui
794 3990 860 4054 pro
882 3990 919 4033 eo
939 3968 1042 4034 vellet
1065 3972 1165 4037 mori.
1210 3974 1280 4041 Sed

140 4052 267 4121 Alceste
286 4075 383 4143 quum
413 4052 633 4140 cognovisset,
671 4076 707 4119 se
728 4052 893 4120 moriendo
927 4053 982 4118 viri
1011 4055 1060 4120 sui
1092 4080 1190 4144 posse
1213 4061 1280 4128 lata

140 4139 335 4228 producere,
371 4160 442 4206 sese
463 4138 577 4205 obtulit
596 4139 699 4206 morti.
749 4140 855 4215 Quam
883 4160 982 4227 quum
1013 4141 1183 4211 extinctam
1214 4144 1279 4211 dd·
1311 4158 1315 4167 '

139 4236 243 4295 metus
263 4226 463 4318 impatienter
491 4223 630 4309 doleret,
665 4224 842 4309 Hercules,
875 4225 953 4295 dum
977 4224 1018 4293 ad
1046 4227 1278 4299 Tricerberum

244 4426 304 4479 ‚A
