2684 4606
122 171 211 301 194Ι
438 166 620 278 Mptlrogrss
649 176 720 251 111.
776 175 816 267 6.Ι
870 173 939 251 52.

124 370 236 445 erant,
281 360 339 429 aad
373 361 414 427 ad
446 362 641 429 victimarum
672 362 873 451 pertinebant
905 359 1175 450 explorationem.
1228 360 1285 427 si·

121 447 209 514 enim
230 470 293 513 non
314 452 497 550 stuperent,
531 458 625 550 aptae
647 447 843 527 videbantur.

178 542 181 561 '
210 533 263 599 32.
306 533 399 599 Vittrs
420 534 515 613 etiam
536 535 681 601 victimae
714 534 968 608 coronabantur,
997 539 1030 594 et
1052 528 1138 595 salsa
1159 528 1261 615 fruge,

126 616 161 685 id
182 631 232 701 est
252 617 318 699 pale
339 631 371 705 et
395 618 481 684 farre
501 620 604 685 mixtis
628 620 731 707 (quae
748 619 832 684 mola
853 614 936 682 salsa
958 613 1156 699 vocabatur)
1179 616 1283 681 frona'

102 704 273 771 nvictimae
293 715 326 770 et
347 705 410 769 loci
442 705 700 791 aspergebantur
732 715 765 770 et
793 702 895 770 cultri.
938 700 1055 767 Fiebat
1085 710 1197 767 autem
1224 700 1261 764 de

125 789 228 856 borna
250 789 350 881 fruge·
369 800 402 855 et
423 789 525 855 horno
548 790 631 870 sale;
667 803 703 855 ut
722 791 894 855 Horatius:
924 786 1045 854 Herna
1065 783 1181 872 fruge
1203 798 1260 853 eto.

39 916 43 921 -
126 875 300 962 Obliquum
322 873 415 940 etiam
450 876 584 942 cultrum
606 899 625 941 a
646 876 752 941 fronte
772 876 920 940 victimae
938 893 976 935 us
1000 891 1042 934 ue
1064 868 1107 943 ad
1130 869 1261 937 caudam

128 971 203 1026 ante
223 957 467 1025 immolationem
498 961 618 1027 ducere
650 975 889 1033 consueverant.
931 893 1026 1021 Udlle
1048 966 1114 1031 est:
1166 956 1262 1020 Tem·

2 1104 4 1109 .
123 1067 217 1132 pora
251 1045 352 1130 ferro
386 1069 520 1110 samma
549 1056 673 1110 notant
700 1046 880 1131 pecudum.
936 1045 1042 1128 Atque
1078 1051 1173 1107 erant
1205 1040 1262 1105 hae

87 1143 259 1217 lnquoquc
288 1130 508 1217 probationes,
540 1141 648 1197 utrum
667 1129 729 1195 deo
754 1130 937 1195 dedicatum
964 1124 1079 1191 animal
1106 1127 1262 1193 sacrificio

128 1227 241 1302 aptum
261 1227 364 1293 esset,
385 1215 412 1281 si
430 1215 576 1295 videlicet
596 1217 700 1283 omnia
721 1217 876 1305 patienter
898 1215 1012 1307 lerret,
1044 1222 1096 1276 ut:

212 1300 262 1366 Et
285 1310 442 1366 statuam
462 1313 547 1366 ante
579 1324 664 1365 arao
690 1312 822 1365 aurata
841 1299 966 1385 fronte
987 1317 1205 1384 juvencuma

128 1380 234 1459 idest
255 1407 334 1450 auro
357 1397 486 1467 ornata,
520 1387 603 1463 sicut
623 1409 858 1474 nonnumquam
878 1384 984 1448 fiebat
1026 1381 1071 1446 Fa
1094 1378 1189 1445 alibi:

213 1469 408 1535 Eacaceia
429 1469 665 1536 cornu-stabit
686 1471 935 1549 sacer-bircae*
958 1465 1007 1529 arl
1034 1487 1151 1528 aram.
1296 1476 1298 1485 '

88 1552 286 1628 tbQuotiens
308 1554 393 1621 enim
414 1556 538 1623 victima
557 1555 785 1636 reluctabatur,
805 1577 841 1620 se
861 1549 1033 1639 improbari
1054 1546 1265 1631 ostendebaa
1292 1570 1298 1639 *j

128 1648 165 1705 ut
176 1638 347 1705 Lucanus:
368 1640 542 1706 Discussa
551 1640 654 1728 fagit
665 1640 709 1705 ab
724 1663 791 1704 ara
801 1651 938 1705 taurus.
980 1636 1075 1702 Setos
1093 1636 1203 1714 etiam,
1223 1634 1263 1699 de
1292 1660 1298 1723 j

129 1724 234 1811 capite
255 1724 379 1790 hostiae
399 1738 473 1792 ante
492 1726 737 1793 immolationem
756 1724 879 1802 vulsas,
910 1721 972 1789 aris
994 1721 1097 1809 prima
1117 1718 1263 1785 libamina
1295 1738 1298 1783 t

126 1807 350 1896 imponebant3
383 1811 494 1897 sicque
504 1811 573 1900 jam
596 1811 718 1879 victima
747 1808 952 1877 immolationi
980 1806 1263 1896 praesignabatur3

129 1892 217 1958 unde
245 1906 310 1961 est:
366 1893 520 1981 Signata
550 1895 679 1982 capita.
737 1894 969 1964 Sacrificabant
997 1903 1125 1971 autem,
1167 1910 1263 1979 quum
1292 1944 1298 1973 .,

88 1979 283 2046 ananimales
305 1977 420 2044 darent
441 1980 579 2059 bostias,
602 1993 658 2048 aut
679 1976 721 2047 de
741 1981 875 2069 integris
898 1979 1045 2057 victimis,
1077 1989 1131 2045 ut:
1292 1976 1297 1987 '

213 2065 263 2129 Et
282 2063 395 2128 solida
416 2064 565 2151 imponit
598 2077 781 2131 taurorum
801 2067 935 2132 viscera
948 2063 1132 2153 flammis,

128 2146 163 2213 id
185 2159 234 2214 est
255 2147 487 2228 holocaustum,
508 2148 596 2236 quod
612 2149 654 2216 de
674 2153 784 2219 tractis
797 2153 880 2218 'extis
900 2150 962 2216 aris
977 2149 1120 2236 superim
1145 2146 1261 2213 onebo·

70 2288 73 2295 .
128 2244 192 2311 tur,
215 2257 299 2322 quae
314 2255 548 2322 nonnumquam
561 2234 718 2305 abluta-et
728 2237 808 2304 elixa
823 2238 919 2304 etiam
939 2237 1009 2323 ipsa
1024 2170 1262 2311 redddltantura

129 2318 215 2384 unde
243 2330 276 2386 et
306 2317 424 2384 ibidem
463 2318 584 2389 dictum
613 2332 677 2390 est:
721 2323 887 2388 Fundano
917 2316 1124 2385 ardentibus
1152 2317 1262 2393 eatia3

2 2472 4 2477 ,
86 2413 186 2470 abant
206 2404 248 2470 de
267 2410 359 2493 'parte
379 2406 540 2494 corporis,
576 2419 632 2475 ut:
658 2408 836 2496 'Extaque
863 2405 973 2470 salsas
1000 2403 1194 2491 projiciam
1223 2401 1284 2485 ia¹

118 2487 279 2578 fluctuet
314 2501 369 2556 aut
397 2489 440 2557 de
466 2492 625 2579 sanguine
653 2502 774 2559 tantum
802 2494 836 2558 in
858 2514 930 2559 aras
953 2489 1132 2567 luso,·ut:
1171 2488 1258 2552 Saa-
1285 2504 1288 2509 ·

123 2574 250 2659 guinis
270 2585 305 2638 et
326 2577 421 2640 sacri
436 2589 593 2662 pateras.
634 2577 734 2644 Moris
760 2578 854 2644 etiarn
877 2572 1082 2644 sacerdotalis
1103 2583 1194 2652 erat,
1225 2578 1257 2636 ut

125 2655 315 2757 plerumque
343 2660 409 2726 aliis
430 2661 549 2730 cultros
569 2664 680 2730 subter
699 2665 900 2741 tenentibus,
928 2661 978 2727 alii
998 2659 1142 2726 victimas
1166 2674 1256 2751 super

126 2744 357 2831 impingerent,
386 2757 423 2812 ut
443 2747 491 2814 sio
509 2748 690 2815 interirent.
733 2748 831 2816 Unde
851 2760 917 2816 est:
961 2747 1034 2833 Sap
1059 2754 1173 2810 ouant
1194 2740 1254 2805 alit

84 2829 275 2909 aucultroa,
305 2830 338 2895 id
367 2841 417 2898 est
441 2830 593 2919 jugulant
621 2834 749 2902 hostias.
792 2835 871 2902 Fuit
899 2841 1006 2899 autem
1031 2768 1100 2896 loc
1128 2828 1268 2893 verbnm‘

125 2934 308 2994 sacrorum,
342 2914 374 2981 in
406 2919 520 3003 quibus
549 2917 622 2985 mali
651 2921 763 2987 ominis
792 2922 889 2987 verba
918 2917 1066 2991 vitabant.
1116 2914 1205 2980 Hinc
1224 2920 1254 2975 et

124 3009 251 3078 macte,
289 3000 376 3086 quod
405 3003 509 3088 magis
538 3016 634 3072 aucte
654 3006 831 3093 significat,
872 3003 1048 3070 dicebatur.
1100 2999 1252 3074 Quotiens

123 3091 230 3169 autem
251 3096 308 3151 aut
328 3087 401 3152 tbus
422 3086 620 3171 addebatur,
654 3102 711 3158 aut
741 3091 845 3157 vinum
871 3084 1113 3178 super-animal
1141 3082 1251 3152 funde·

122 3164 234 3245 batur,
263 3168 446 3238 dicebatur:
490 3175 614 3240 Marta
635 3187 688 3240 eat
707 3177 824 3242 bootia
844 3176 924 3241 vino
945 3184 979 3239 et
1000 3171 1124 3248 thure,
1152 3168 1252 3237 idest

80 3252 286 3320 adcumulata
306 3266 339 3323 et
360 3257 463 3344 magis
484 3270 588 3326 aucta.
630 3260 704 3334 Qua
736 3259 778 3327 de
800 3283 836 3328 re
864 3259 928 3327 boc
948 3257 1043 3326 traxit
1058 3260 1173 3344 poiita:

94 3368 97 3377 ,
209 3339 438 3428 Macte'paer
455 3342 589 3410 virtute
607 3368 713 3420 aava,
746 3346 798 3411 aie
819 3347 895 3411 itur
916 3344 965 3409 ad
991 3352 1116 3420 astra·;

55 3508 57 3513 Α
120 3417 156 3487 id
187 3434 237 3489 est
258 3425 409 3493 affectata
431 3424 534 3513 gloria
559 3430 664 3528 magis
694 3430 839 3511 adaucte.
881 3430 927 3496 Εῖ
955 3428 1072 3495 alibiz.
1218 3505 1225 3518 .

208 3509 327 3574 Macte
363 3510 494 3590 aniani,
531 3524 644 3579 tantae
687 3517 820 3605 dignus
871 3516 910 3581 ui
947 3511 1099 3579 crederis
1130 3526 1271 3585 armat„

121 3589 278 3659 Reddere
299 3595 395 3662 etiam
426 3598 559 3664 verbum
588 3598 724 3687 legimus
745 3538 945 3686 sacerdotale
965 3598 1080 3676 fuisse,
1113 3604 1168 3661 ut:

72 3693 116 3744 *to
206 3679 386 3744 Lancibaa
407 3692 442 3746 et
458 3683 588 3770 paariia
606 3686 787 3773 spirantia
807 3686 986 3753 reddimus
999 3693 1095 3749 exta.

120 3759 230 3828 Reddi
241 3765 323 3831 enim
334 3765 523 3835 dicebantur
536 3780 619 3852 exta,
641 3780 724 3858 'quae
747 3773 883 3860 probata
896 3768 1023 3836 etelixa
1043 3788 1120 3834 arae
1139 3778 1249 3851 super·

116 3849 331 3994 ponebantur.
373 3852 557 3923 cavebatur
575 3867 699 3936 autern,
722 3879 764 3921 ne
784 3880 861 3925 oves
880 3853 1092 3923 immolandae
1114 3848 1249 3923 caudam

1 4021 3 4026 Ι
27 3943 35 3973 ²
140 3931 273 3999 aberent
292 3937 499 4019 maculatam,
518 3962 581 4008 nec
599 3934 740 4028 linguam
761 3942 898 4029 nigram,
919 3964 981 4008 neo
1001 3962 1113 4007 aurem
1132 3938 1268 4004 fissam-⁶

10 4057 52 4089 ες.
115 4014 214 4117 llnde
247 4019 346 4086 leclas
377 4024 494 4111 ubiq‘ne
522 4025 665 4092 bidentes
697 4028 728 4092 in
759 4030 858 4095 sacris
887 4027 1023 4116 legimus
1056 4024 1247 4113 appellatas3

73 4110 147 4166 451ss
167 4124 261 4169 saara
282 4107 365 4172 enim
386 4130 449 4181 non
480 4109 745 4192 admittebantur,
776 4114 835 4180 nisi
862 4113 976 4202 quibus
1007 4110 1081 4176 nibil
1110 4108 1246 4181 deeset.

109 4187 171 4255 ste
191 4198 225 4256 et
249 4186 291 4255 de
314 4192 416 4259 bobus
437 4192 558 4263 dictum
579 4209 644 4265 cst:
689 4198 798 4264 Nunc
820 4219 932 4286 grege
964 4197 1007 4264 de
1028 4197 1165 4262 intacto
1185 4204 1245 4261 etc.
