2684 4606
108 184 170 242 xiv
356 140 416 173 ⁰
534 128 880 241 enecentur..
992 230 994 239 .

108 361 224 434 animo
250 356 346 433 ‘ferra
374 358 469 433 licet.
531 353 746 457 Ceteroquin
775 359 814 429 iu
839 355 960 430 codice
988 355 1146 432 vaticano
1172 382 1240 461 par

80 460 268 559 'opusculi
302 471 477 559 postrema
510 457 664 555 deerat,
696 485 803 559 quam
837 483 904 558 ego
937 483 982 533 ex
1015 459 1175 535 Floresio
1209 488 1239 536 ιιι

106 590 224 640 mcum
250 561 379 636 librum
405 561 594 636 transferre
624 560 745 657 nolui,
775 563 927 661 primum
948 561 1031 660 quia
1055 562 1238 637 Floresiuu

108 664 436 758 mendosissimum,
471 675 511 737 ut
534 663 628 756 dixi,
643 688 742 736 ,esse
767 661 974 760 cernebam,
1017 662 1142 737 deinde
1170 668 1237 764 qnia

107 794 190 867 pars
217 782 306 866 qu'ae
332 769 371 840 in
400 768 561 840 vaticano
590 764 711 839 coelice
737 763 976 861 desideratur,
1007 765 1053 837 aa
1078 767 1236 866 mytholo

106 873 201 970 giam
225 867 325 942 nullo
348 868 453 943 modo
479 867 667 966 pertinet.’'
735 966 737 971 ,
1050 894 1056 911 ¹

120 1024 123 1029 -
218 970 404 1043 Hactenus
432 970 566 1068 Majus.
620 968 729 1062 Quod
753 970 861 1069 igitur
885 966 931 1041 ad
956 966 1234 1070 mpthographuu

28 1155 31 1161 ‚
108 1072 260 1170 primum
280 1073 419 1166 attinet,
444 1070 504 1143 hie
525 1072 668 1143 nonest
687 1071 747 1144 ille
761 1072 926 1170 Hyginus
948 1074 1005 1166 (ut
1022 1084 1116 1146 recte
1131 1075 1233 1174 Majo

106 1178 268 1276 censet),
312 1173 417 1271 quem
451 1169 639 1272 Augustus
673 1175 894 1267 manumisit,
933 1185 977 1247 'et
1009 1199 1113 1274 quem
1147 1178 1232 1275 plur.

100 1275 284 1348 uolumina
311 1276 494 1372 scripsisse
511 1284 679 1369 constat,
714 1299 780 1348 nec
805 1274 886 1367 ille,
922 1274 1025 1374 cujus
1050 1276 1231 1353 fabularer

106 1377 345 1449 collectionem
368 1376 677 1475 adhuelegimus,
709 1378 839 1476 quique
860 1375 1052 1451 Antoninis
1073 1381 1231 1478 impcrau

104 1478 200 1552 tibus
220 1478 359 1571 floruit,
387 1489 427 1551 ut
447 1480 603 1556 vinorum
622 1477 804 1559 doctorum
824 1479 928 1554 hodie
946 1480 1015 1555 fert
1034 1505 1226 1559 consensus

64 1668 67 1675 Ι
105 1579 168 1655 scal
200 1580 310 1653 multo
342 1582 452 1653 serior
486 1591 579 1653 aetas
613 1578 709 1653 hunc
743 1580 810 1654 sibi
842 1581 997 1658 vindicat
1026 1586 1228 1681 scriptorem

98 1682 282 1756 saeculum
317 1684 477 1781 quintum
512 1682 615 1776 dico,
667 1693 708 1754 ut
741 1681 891 1757 Orosius
927 1683 971 1756 a'b
1006 1710 1048 1759 ee
1074 1685 1226 1761 'laudato

107 1784 200 1884 (sah.
214 1781 315 1882 219)
341 1787 424 1859 satis
442 1811 616 1886 superque
632 1783 769 1883 probat.
823 1787 947 1889 Itaque
965 1786 1102 1885 Hygini
1112 1791 1226 1883 nome·

103 1890 242 1986 utrique
267 1889 364 1986 operi
389 1900 483 1963 recte
512 1899 625 1988 potest
652 1887 779 1982 tribui3
817 1900 854 1961 at
881 1914 1091 1988 magnopere
1119 1916 1225 1965 caron

15 2064 18 2071 ,
104 1990 286 2084 domest,
319 2017 364 2063 uc
386 2017 495 2063 unum
511 1991 737 2090 *eundemque
759 1991 962 2090 Hyginum,
991 1992 1153 2088 quisquis
1186 1994 1224 2067 ill

102 2092 226 2183 fuerit,
262 2103 323 2166 aut
345 2096 525 2192 utriusque
548 2096 662 2190 operis
684 2104 858 2165 auctorem
882 2104 942 2164 aut
956 2088 1117 2192 Augusti
1138 2094 1223 2169 liber

102 2204 178 2293 tum
207 2193 413 2268 habeamus.
452 2182 611 2294 'Hygini
644 2193 825 2292 cujusdam
853 2197 983 2268 mentio
1013 2194 1107 2267 haud
1129 2198 1222 2272 ‚infre

102 2321 215 2395 quens
242 2309 296 2370 cst
321 2296 415 2396 apud
442 2300 603 2395 antiquos
629 2299 838 2395 scriptores,
875 2298 1005 2396 quippe
1028 2323 1131 2396 quem
1159 2298 1221 2373 Sca

102 2401 203 2491 vius,
240 2395 552 2499 (1ιι111ιιε(1,121.Ι
580 2397 623 2494 6,
642 2398 682 2472 6.
714 2397 756 2492 5,
776 2397 818 2471 8.
853 2396 918 2494 16,
940 2398 980 2473 6.
1013 2397 1220 2496 10,16.)ι

102 2500 308 2577 Macrobius
344 2501 441 2598 (Sat.
471 2500 518 2595 6,
545 2498 589 2599 a)
623 2505 713 2575 inter
729 2502 884 2602 ,Virgilii
915 2503 1120 2600 interpretes
1152 2505 1219 2577 refe

101 2615 200 2696 rant,
244 2631 423 2705 quemque
461 2605 600 2679 codices
642 2604 730 2695 mei,
779 2614 821 2674 ut
861 2603 937 2676 lieri
977 2605 1085 2698 solet,
1137 2606 1218 2680 mod

101 2707 262 2806 liginum
286 2705 374 2800 (Ac.
394 2705 435 2799 2,
459 2704 555 2800 13),
594 2704 697 2777 modo
721 2705 866 2802 yginum
898 2701 985 2799 (Ae.
1006 2705 1045 2799 7,
1068 2703 1147 2802 47)
1179 2734 1217 2783 vt

100 2818 195 2880 eant.
257 2805 317 2882 Ac
348 2834 393 2881 ue
423 2811 455 2880 is
488 2807 629 2905 quidem
660 2801 816 2906 Augusti
846 2805 992 2881 libertus
1024 2818 1098 2897 cst,
1136 2835 1216 2908 quer

101 2910 252 3009 Virgilio
284 2921 506 2983 coaetaneum
536 2908 644 2981 fuisse
679 2918 834 3006 oportst3
874 2933 940 2992 nec
971 2909 1152 3007 pmbabile
1189 2940 1216 2987 et

75 3033 77 3036 ’
99 3012 250 3110 Virgilio
268 3012 384 3084 adhuc
400 3013 539 3084 vivente
557 3030 767 3108 quemquam
784 3013 1046 3110 grammaticum
1065 3037 1215 3087 commeo

100 3117 206 3187 tarius
238 3117 274 3187 in
302 3113 444 3214 Virgilii
475 3115 628 3185 carmina
660 3114 853 3211 scripsisse.
914 3114 1052 3188 Deinde
1081 3143 1137 3190 res
1164 3144 1214 3217 mg

99 3215 234 3309 thicae,
280 3241 368 3315 quas
401 3214 547 3288 Servius
582 3216 768 3314 Hyginum
801 3226 966 3289 tractasse
998 3216 1126 3313 refert,
1168 3247 1213 3294 uo

99 3330 298 3492 gangruunt
311 3343 409 3492 1qu
435 3317 573 3491 llygigi
587 3316 861 3494 1rgaagratgonsilpus
890 3318 1108 3495 suliullwmss’
1142 3347 1213 3496 (ἴδε

39 3447 276 3505 ,ceuo
347 3446 469 3494 roano
555 3474 564 3501 .
698 3447 718 3494 e
813 3447 924 3507 rv.‚a
1016 3449 1048 3494 c.

89 3447 229 3622 'itaquisl
247 3448 434 3623 Hyginrls,
453 3430 610 3623 Virgilii
635 3534 903 3618 commentator,
937 3523 1094 3599 diversus
1106 3474 1172 3599 ’est
1193 3552 1211 3600 a

97 3649 139 3698 oo
165 3626 238 3723 qut
255 3625 391 3700 fabulas
416 3652 505 3726 quae
530 3625 646 3699 adhue
674 3617 793 3699 extant
819 3629 1026 3725 composuit.
1088 3623 1142 3702 At
1173 3656 1211 3703 m

97 3728 189 3800 nime
215 3754 298 3802 sanc
326 3729 543 3828 spernendus
567 3729 658 3801 foret
685 3730 737 3821 is,
771 3731 832 3827 qai
856 3729 998 3828 Virgilii
1024 3742 1210 3805 commenta

97 3837 207 3903 torem
233 3831 397 3905 Vaticani
422 3833 608 3906 voluminis
634 3836 812 3904 auctorem
835 3830 984 3928 diceret,
1020 3857 1102 3904 uam
1127 3834 1209 3933 maj<

96 3930 285 4006 voluminis
311 3961 394 4032 pars
426 3933 642 4008 adverbum
671 3932 745 4007 fere
774 3930 952 4032 conspirat
977 3959 1057 4006 cum
1080 3937 1122 4007 iis
1148 3962 1208 4035 qut

96 4032 244 4110 Servius
271 4037 514 4110 diversissimis
547 4037 635 4109 locis
666 4060 731 4110 suo
763 4036 903 4134 quidem
935 4038 1075 4110 nomine
1105 4039 1208 4127 refert

38 4128 41 4137 ’
97 4133 242 4212 Servius
281 4150 398 4211 autem
437 4135 502 4210 has
538 4137 734 4211 fabularum
772 4139 987 4212 narrationes
1023 4167 1066 4212 ex
1098 4141 1207 4241 Hygn

94 4264 200 4338 opere
226 4239 384 4314 derivare
406 4251 553 4339 poterat,
576 4242 727 4316 auctoris
742 4243 882 4317 nomine
896 4267 967 4317 non
988 4242 1107 4318 allato.
1160 4244 1206 4316 Ρ(
