2684 4606
1127 41 1226 114 .,-‚

476 195 849 277 ,omrsnnsomrno
930 167 933 173 ’
1027 180 1127 258 ⁸0

88 383 149 456 tua⁵
165 350 265 433 mirac
287 358 545 457 magnitudinis,
570 390 670 458 quarn
690 354 886 434 colosseum
903 360 1100 454 nominant,
1123 367 1231 458 posita

88 466 150 520 cst.
198 452 357 544 Sequitur
378 452 521 543 Delus,
543 475 628 544 qnae
659 455 694 519 in
723 448 832 520 medio
865 453 1044 544 Cycladum
1075 456 1159 538 sita,
1194 454 1230 520 iu

88 560 154 630 qua
173 538 417 605 Latona'cnixa
439 549 489 605 est
500 538 693 627 Apollinem
710 551 743 606 et
760 540 913 610 Dianam.
957 540 1038 606 lnde
1058 541 1230 625 Tenedus,

89 628 166 692 inde
187 625 345 709 Imbros,
412 649 450 690 ae
463 625 602 690 ,Imbros
622 627 758 694 multam
778 637 903 693 vestem
933 624 1118 717 leporinam
1139 627 1230 711 eicit,
1314 658 1318 662 ·

112 722 232 802 ruptor.
245 712 356 777 lauhun
381 711 502 777 antiam
518 710 709 778 animalium
728 736 811 802 quac
832 715 869 779 in
891 712 1004 780 cadem
1026 715 1102 780 fuit.
1147 713 1230 780 Inde
1307 765 1311 778 .

86 739 235 864 [omnus
263 799 410 881 adiacet,
440 797 573 888 etipsa
607 796 772 865 moderate
803 798 869 866 sihi
902 801 1082 884 sufficiens,
1116 811 1149 867 et
1167 798 1229 865 *vi-

86 911 168 950 num
211 885 394 975 plurimum
425 885 537 950 serens
573 882 621 976 1),
663 883 876 959 Macedoniae
916 887 1029 954 mittit·
1056 897 1090 953 et
1124 888 1229 954 Thra·
1272 907 1275 911 ·

86 973 158 1039 eiae
184 971 324 1062 regioni.
847 977 849 980 ’

172 1107 232 1173 tl.
276 1106 358 1172 Post
378 1105 536 1195 Cycladas
565 1106 696 1172 Cretam
723 1104 873 1185 invenies
894 1104 1036 1170 insulam
1066 1128 1229 1196 magnam,
1259 1168 1261 1175 ,
1327 1117 1330 1126 “

86 1217 173 1284 quae
194 1201 325 1259 eentum
346 1216 483 1259 numero
498 1262 500 1266 ,
515 1192 702 1260 civitatibus
731 1200 843 1260 ornata
865 1193 1029 1274 refertur,
1061 1202 1095 1257 et
1122 1192 1229 1258 estin

87 1279 244 1344 omnihus
266 1279 358 1345 dives
390 1289 423 1344 ct
442 1278 538 1346 valde
560 1277 743 1360 mirabilis,
764 1301 849 1366 quac
880 1276 977 1342 ctiam
999 1278 1114 1344 vinum
1146 1279 1229 1369 opti·
1335 1283 1339 1299 '

88 1391 180 1430 mum
201 1368 333 1449 ferens,
355 1365 455 1430 hahet
474 1368 565 1430 inter
585 1365 665 1431 alias
687 1363 860 1442 maximam
882 1364 1044 1429 civitatem
1059 1388 1151 1454 quae
1174 1389 1229 1432 vo·

86 1463 180 1517 eatur
201 1452 370 1555 Gortyna,
401 1452 436 1514 in
463 1475 528 1538 qua
560 1461 593 1523 et
620 1451 806 1530 circenses,
835 1458 869 1514 et
888 1449 952 1515 viri
973 1473 1015 1516 ex
1038 1460 1131 1541 parte
1157 1474 1229 1516 eru·

86 1537 149 1603 diti
171 1562 243 1607 esse
266 1539 433 1604 dicuntur.
477 1537 559 1601 Inde
590 1534 754 1625 Cythera,
777 1529 987 1626 Zacynthus,
1010 1547 1044 1602 et
1068 1535 1252 1628 Cephalo,
1330 1547 1338 1564 ‘

85 1624 161 1708 nia,
183 1625 342 1691 hahentes
366 1622 595 1705 habundanter
615 1622 724 1688 omnia
747 1621 845 1688 bona.

94 1758 97 1771 '
171 1758 231 1825 42.
276 1757 359 1823 Post
385 1754 444 1821 lias
473 1779 494 1822 o
518 1756 596 1822 tima
620 1755 772 1847 sequitur
798 1763 832 1821 ct
860 1755 1001 1822 maxima
1024 1752 1158 1828 Siciliae
1178 1757 1228 1823 in·

87 1844 181 1929 sula,
203 1866 290 1934 quae
309 1853 447 1934 propter
462 1780 660 1908 soiiditatem
682 1852 787 1907 terrae
820 1840 976 1909 differens
999 1842 1118 1908 ceteris
1139 1843 1230 1910 insu·

85 1933 128 1998 lis
150 1930 337 2013 invenitur:
362 1929 465 1994 multa
487 1928 574 1994 enirn
604 1939 638 1994 ct
657 1951 774 2018 magna
805 1925 893 1993 bona
910 1944 1103 2019 generans,
1125 1930 1230 1996 omni·

84 2019 148 2084 bus
170 2017 291 2082 mittit:
325 2016 400 2080 lana
422 2037 577 2120 quoqne,
606 2016 795 2096 frumento,
819 2025 853 2080 et
872 2014 1028 2080 iumentis
1049 2014 1228 2091 habundat.
1303 2054 1305 2059 ν

83 2103 196 2169 Habet
215 2113 325 2169 autem
344 2101 490 2167 cruditos
519 2111 553 2166 ct
573 2100 690 2166 divites
711 2099 801 2166 viros
821 2123 944 2190 graeco,
962 2100 1132 2191 latinoque
1162 2125 1230 2168 ser·

84 2198 195 2255 mone.
251 2188 343 2254 Inter
369 2197 493 2255 ceteras
525 2210 604 2253 vero
630 2197 698 2252 tres
728 2184 830 2250 habet
848 2185 1045 2275 ⁴splendidas
1067 2187 1262 2273 civitates,²¹
1316 2233 1323 2244 ι

86 2275 289 2365 Syracusas,
320 2270 585 2338 PALARMUM
610 2271 662 2361 ²),
703 2281 736 2336 et
764 2269 935 2356 Catinam,
971 2271 1007 2337 in
1047 2274 1181 2363 quihus
1197 2285 1231 2341 ct

86 2387 103 2428 s
128 2361 274 2428 ectacula
298 2358 496 2425 circensium
530 2357 741 2441 exhibentur.
799 2357 910 2423 Habet
939 2367 974 2422 et
1000 2370 1149 2425 montem
1172 2361 1231 2463 qui

84 2387 195 2515 idcina
214 2456 374 2529 vocatur,
396 2445 456 2534 qui
476 2442 594 2509 diebus
615 2467 653 2509 ac
681 2440 835 2509 noctibus
857 2444 998 2526 ardens,
1027 2445 1062 2509 in
1090 2445 1230 2512 circuitu

85 2559 148 2600 suo
176 2532 259 2600 vites
290 2532 430 2622 optimas
457 2528 583 2613 nutrit,
614 2553 700 2626 ,quae
727 2529 843 2602 ¹vinum
876 2528 1001 2603 bonum
1031 2533 1148 2599 afferre
1182 2532 1230 2598 di·
1286 2610 1288 2613 ι
1331 2606 1336 2619 s

84 2630 220 2688 cuntur.

106 2792 108 2797 ,
169 2733 229 2798 43.
273 2692 355 2796 130st
377 2729 526 2798 Siciliam
563 2726 775 2795 Stoechades.
818 2725 951 2793 Deinde
986 2725 1162 2810 Sardinia,
1196 2698 1231 2795 et

85 2823 160 2922 ipsa
180 2817 344 2920 fructilous
375 2817 570 2920 divitissima
603 2825 637 2880 et
656 2812 836 2917 iumentiS,
859 2824 893 2879 et
917 2812 1017 2915 nimis
1043 2813 1228 2918 splendida.

85 2901 1093 3080 i‘ii‘iiffittiifiiitiiti{iiiiii
1112 2924 1231 3054 iiii

159 3127 234 3194 dd.
278 3125 324 3192 Et
342 3127 425 3193 haec
456 3125 592 3218 quidem
620 3121 801 3192 seeundum
833 3119 1085 3211 possibilitatem
1116 3125 1229 3191 huma·
1331 3182 1333 3187 .

87 3239 164 3281 nam
188 3213 436 3302 descripsimus.
483 3210 521 3278 Si
550 3211 639 3277 enim
672 3210 839 3276 latuerunt
870 3231 932 3273 nos
957 3219 1014 3274 aut
1042 3209 1229 3297 provinciae

87 3311 146 3366 aut
166 3299 313 3368 civitates
341 3310 398 3365 aut
429 3298 578 3382 insulae,
600 3318 668 3363 non
687 3294 814 3361 multae
837 3302 875 3357 ut
894 3293 977 3361 mihi
997 3296 1146 3382 videtur,
1183 3297 1229 3364 la·

87 3397 224 3453 inerunt
253 3396 361 3451 autem
385 3407 507 3474 proco
530 3379 846 3474 quodimpossibile
875 3391 926 3446 est
956 3382 1082 3448 homini
1112 3383 1221 3448 omnia

87 3495 209 3539 nosse=
248 3471 339 3538 solus
375 3470 463 3539 enim
496 3469 611 3555 Deus,
656 3467 716 3560 qui
751 3465 905 3534 universa
941 3469 1083 3554 creavit,
1119 3479 1229 3560 potest

86 3559 198 3626 omnia
224 3580 334 3625 nosse.
1039 3575 1042 3578 ·
1286 3576 1288 3581 ·

162 3884 194 3951 ι)
213 3883 268 3936 lam
288 3881 348 3937 inde
372 3899 389 3937 a
412 3846 703 3951 troicis‘temporibum
729 3885 797 3934 teste
818 3877 936 3932 Homero
960 3875 1029 3931 iliad.
1042 3874 1101 3932 vn.
1120 3875 1165 3931 fin.

161 3984 196 4052 2)
213 3982 256 4036 lta
273 3982 332 4038 cod.
344 3982 442 4049 *litteris
459 3983 569 4048 magnis.
615 3981 671 4034 Iam
687 3995 751 4034 vero
774 3978 916 4031 iuretianus
933 3975 991 4031 eod.
1009 3990 1049 4044 gr.
1067 3976 1112 4029 iat.
1129 3988 1228 4030 memo·

73 4060 132 4108 'rat
149 4054 255 4123 quidem
272 4056 415 4122 Syracusas
433 4061 460 4106 et
478 4055 610 4118 Catinam,
634 4051 681 4104 sed
698 4054 876 4106 Priuernum,
903 4064 951 4103 seu
967 4048 1142 4112 Palarmum,
1159 4047 1229 4110 silet,

89 4127 151 4194 Ego
175 4128 256 4195 igitur
280 4127 411 4198 suspicor,
433 4141 570 4180 cavensem
587 4125 720 4191 antiquum
743 4118 895 4176 monachum
919 4118 1077 4171 Palatinum
1101 4118 1231 4171 addidisse

91 4199 181 4252 codici.
199 4214 248 4252 auo
267 4214 344 4266 quem
366 4197 533 4263 conficiebat,
557 4202 694 4267 postquam
711 4194 784 4250 urbis
807 4194 866 4249 eiua
890 4191 1050 4262 magmtuuo
1076 4188 1255 4253 &induamus-

88 4272 226 4324 ctatuerat.
923 4297 930 4308 κ
966 4274 970 4281 ·
