2684 4606
372 175 555 297 uyuogr.
582 181 658 252 111:
710 181 749 277 a.
802 172 886 256 erg
994 125 997 141 ‘
1115 180 1283 293 roa,

54 364 168 430 Solnn
199 387 253 429 res
271 372 340 431 est
363 366 518 432 saltante
540 387 629 430 sene.
678 365 747 434 Sed
768 367 973 436 necdifferri
993 392 1085 439 sacra
1105 371 1195 451 anni·
1232 370 1234 379 ‘
1280 406 1283 411 ·

53 449 196 517 versario
223 450 356 532 licebat,
390 452 464 539 quia
494 473 554 520 nec
586 451 704 518 iterari.
722 448 763 519 ex'
776 453 863 541 lege
889 467 1047 543 poterant.
1098 443 1195 524 Uinde

52 535 142 602 idem
164 536 196 601 in
218 536 372 603 eodemz‘
395 537 542 617 Annua,
571 560 660 624 qnae
683 536 828 625 defferre
845 539 957 628 nefas.
998 542 1082 608 Nam
1103 566 1196 613 sacra

54 619 239 702 calendaria
265 623 291 690 si
320 644 383 710 qua
406 623 539 689 luissent
560 622 684 688 ratione
706 625 801 690 dilata
811 668 822 703 ‚-
853 624 985 713 licenter
1005 623 1198 716 repetebam
1248 636 1250 640 ’

54 722 125 785 tur,
174 731 236 774 nec
283 708 443 798 piaculum
486 729 597 773 eorum
651 709 891 776 intermissione·
932 714 1221 793 committebatunb

25 880 28 883 Ι
55 794 165 859 Porro
200 795 238 868 in,
265 796 389 862 ratione
419 814 583 859 sacrorum
615 809 674 881 par
703 806 753 862 est
782 805 815 860 et
848 797 973 864 animae
1001 810 1034 865 et
1055 801 1198 889 corporis
1304 854 1308 868 .

57 898 167 945 causa.
211 880 295 946 Nam
330 881 515 968 plerumque
547 901 631 966 quae
665 881 750 947 circa
773 881 908 951 animam
934 884 1004 950 lieri
1023 897 1198 973 nequeunt,
1242 947 1243 950 ,

57 966 146 1030 circa
169 987 285 1056 corpus
316 968 540 1045 exhibentur,¹
565 974 600 1030 ut
628 965 749 1033 solvere
777 966 824 1031 vel
853 968 973 1055 ligare;
1035 993 1076 1036 uo
1098 973 1200 1061 possit

57 1051 183 1202 aalma,
204 1050 292 1139 quod
313 1075 373 1141 per
394 1073 431 1118 se
451 1073 514 1117 non
533 1059 710 1137 patescere
736 1053 930 1139 cognatione·
950 1066 1076 1124 sentire.
1118 1057 1200 1124 lnda
1246 1117 1252 1139 ,

60 1155 125 1203 es:
192 1150 195 1156 '

155 1217 272 1284 Unum
292 1230 401 1285 exacte
427 1218 550 1306 pedem
575 1212 722 1301 vinclis,¹
759 1222 797 1286 in·
831 1234 925 1289 veste
952 1222 1116 1290 recincta.
1161 1200 1175 1240 Ι
1205 1162 1242 1283 l?

60 1303 97 1398 ln
110 1305 367 1397 sacrificioenim
390 1300 506 1391 aliquid
526 1301 696 1389 religatum
717 1330 788 1374 esse
803 1304 893 1375 nefas
914 1318 992 1375 enat.
1036 1309 1201 1377 SicHele·

62 1414 122 1456 nus
152 1391 240 1478 apud
276 1390 441 1477 Virgilium
484 1389 711 1456 vaticinaturus
753 1392 876 1460 vincula
907 1396 1051 1480 corporis
1082 1405 1199 1461 cuncta

61 1477 209 1556 resolvit,-
243 1499 284 1542 ne
319 1499 383 1566 qua
411 1486 504 1567 parte
534 1475 638 1540 animo
670 1477 805 1565 religato
836 1478 880 1544 all·
908 1478 1022 1545 numen
1056 1480 1200 1547 accedat.

62 1563 270 1630 Hocautem
291 1564 324 1629 in
354 1563 430 1648 ipsis
463 1562 707 1638 tantummode
732 1574 891 1630 servatum
917 1575 975 1630 est.
1004 1564 1103 1630 'Nam
1126 1578 1243 1631 antelc

63 1649 224 1714 sacrificia
244 1647 337 1745 ligari
357 1648 485 1732 licuisse
506 1645 646 1712 victimas
669 1647 1008 1731 Juvenalistostendit,
1033 1649 1159 1719 dicens:

152 1757 222 1825 Sed
249 1762 374 1845 proc-nl
393 1773 574 1827 extensum
589 1748 757 1846 petolans
785 1761 902 1849 quatit
928 1754 1044 1827 hostia
1070 1762 1203 1850 furiem.
1240 1753 1245 1764 ¹
1287 1742 1289 1748 Ι

66 1843 244 1912 Sciendum
265 1846 377 1924 etiam,
408 1848 441 1913 iir
462 1845 561 1915 sacris
584 1842 728 1910 simulata
749 1868 811 1951 pro
832 1847 912 1913 reris
944 1847 1064 1914 haberi.-
1101 1844 1204 1915 'Unde
1306 1899 1312 1911 ,

65 1953 164 2020 qurum
187 1929 230 1999 de
257 1928 475 2013 animalibus‚‘
492 1951 577 2020 quae
598 1929 729 1995 difficile
749 1931 966 2012 inveniuntur,
1001 1943 1050 1999 est
1082 1934 1203 2000 sacrifi-

65 2017 226 2169 fagdum',
258 2017 301 2083 de
327 2030 410 2107 pune
438 2017 487 2086 vel
511 2038 586 2083 cera
612 2015 710 2097 fiunt5
746 2027 779 2082 et
810 2040 870 2107 pro
892 2019 973 2085 veris
994 2019 1246 2109 accipiuntur.20

83 2125 146 2168 nc
175 2115 241 2168 est:
768 2130 771 2137 ’
824 2105 834 2125 ⁴

155 2189 344 2277 Sparserat
365 2198 400 2253 et
421 2171 544 2253 latices
578 2176 763 2252 sinzulntoe·
790 2177 901 2267 fontis
931 2186 1076 2252 Averni.

67 2271 153 2340 Nam
172 2285 207 2340 et
221 2273 259 2337 'in
282 2273 401 2362 templo
422 2273 514 2340 Isidis
536 2295 620 2361 aqua
641 2285 752 2360 sparsa
772 2269 815 2334 de
836 2269 909 2377 lllilo
924 2266 1007 2338 'esse
1026 2270 1203 2339 dicebatur.

83 2410 109 2463 ‚¹
155 2384 208 2450 31.
252 2383 346 2470 Atqui
363 2385 394 2450 in
406 2385 518 2453 ritibus
534 2405 705 2451 sacrorum·
720 2382 819 2449 multa
831 2382 1019 2449 ‚habebatur
1041 2380 1205 2451 diversitas

31 2504 35 2516 ⁴
66 2483 99 2545 et
128 2470 211 2541 mire
242 2471 462 2557 superstitiosa
504 2469 678 2537 curiositas.
744 2468 815 2535 Diis
847 2468 956 2535 inieris
989 2468 1204 2537 sacrificantes
1213 2495 1249 2545 25
1279 2505 1283 2519 ·

66 2580 152 2647 aqua
174 2558 451 2642 aspergebantur,
479 2566 532 2622 ut:
837 2630 839 2634 ¹
969 2579 971 2582 ’
1023 2589 1031 2597 -

122 2676 127 2687 «
155 2640 337 2728 Spar'gens
363 2663 440 2706 rore
463 2640 589 2708 leniet
612 2657 708 2706 ramo
734 2632 852 2719 felicis
874 2636 985 2707 olivae
1030 2672 1101 2686 -·

66 2727 197 2830 superb
226 2724 448 2809 abluebantur,
471 2725 533 2792 uti:
580 2722 700 2788 Donec
720 2743 774 2787 me
785 2721 941 2811 flumine
959 2721 1038 2789 vivo
1058 2718 1208 2788 abluere.

66 2811 141 2880 Dirs‘
162 2813 289 2900 superis
309 2806 434 2880 tanturn
455 2810 613 2887 libabant,
648 2816 701 2872 uta

156 2922 272 2992 Aulai
291 2927 328 2991 in
352 2922 465 2990 medio
485 2919 645 2986 libabunt
665 2910 792 3007 poento
813 2908 971 2984 Becclros·
1210 2938 1254 2989 aa

10 3069 12 3072 ,
67 3006 277 3080 Ῑιιῖοτίςινετο
290 3012 424 3078 libantes
449 3009 545 3076 etiam
562 3028 636 3072 vasa
657 3006 687 3070 in
709 3006 819 3092 ignem
840 3003 1018 3080 mittebant,
1039 3011 1094 3068 ut:
1118 2999 1212 3066 Fuso
1230 3078 1235 3087 Ι

67 3108 226 3164 craterae
246 3097 354 3168 olivo:
375 3094 463 3196 quod
485 3107 519 3159 et
539 3093 664 3158 Statius
683 3092 714 3155 in
739 3089 923 3156 Archemori
940 3085 1103 3178 sepultura
1125 3108 1213 3152 com·
1246 3097 1249 3102 '
1301 3162 1305 3167 Ι

68 3174 241 3249 memorat.
285 3183 323 3248 ln
343 3182 519 3247 inlerorum
550 3177 752 3261 veneratione
786 3187 954 3240 numerum
984 3194 1114 3262 parem,
1159 3169 1213 3259 qui
1304 3184 1329 3216 ’-

55 3304 60 3313 =
93 3267 260 3335 osterioris
288 3268 381 3356 juxta
402 3264 617 3333 arithmeticos
640 3259 814 3350 dignitatis
842 3271 909 3340 est,
945 3261 1135 3335 servabant,
1162 3245 1210 3325 ut':

117 3377 161 3419 ce
198 3353 289 3417 dacae
321 3351 409 3429 tibi,
447 3349 616 3437 Daplrni3
657 3348 689 3412 in
724 3347 916 3432 superorum
956 3346 1130 3433 imparem,
1160 3352 1272 3422 ut235-
1335 3362 1337 3375 ·

69 3437 234 3505 Numero
266 3438 351 3503 dens
382 3436 518 3523 impare
548 3431 694 3520 garcdet.
754 3430 823 3496 Sed
857 3440 890 3497 et
919 3427 978 3495 diis
1022 3427 1088 3494 aliis
1127 3426 1214 3492 sacto

68 3523 270 3602 scrobiculo,
291 3521 357 3590 allis
382 3545 420 3587 su
445 3543 480 3587 er
501 3530 629 3597 terram,
649 3516 841 3584 caelestibus
861 3537 936 3582 nero
956 3514 1110 3580 extructis
1133 3513 1213 3578 locis

69 3609 313 3689 sacrificabant;
364 3629 451 3673 une
496 3617 529 3673 et
561 3604 684 3678 'altaria
730 3602 861 3691 proprie
913 3600 1074 3666 nominata
1130 3609 1214 3664 sunt.
1255 3655 1257 3660 .

69 3695 158 3762 Sunt
180 3707 289 3762 tamen
309 3708 497 3782 superorum
520 3699 553 3759 et
567 3712 649 3756 arae
678 3699 712 3756 et
733 3687 863 3768 altaria3
893 3685 1069 3750 interorum
1091 3693 1214 3749 tantum

70 3800 171 3846 arae·
201 3780 300 3846 Dicta
322 3790 372 3846 est
408 3791 514 3846 autem
539 3797 597 3842 ara
622 3775 837 3862 uoracibus,
874 3794 953 3860 quas
984 3769 1101 3836 Graeci
1131 3764 1260 3853 cicciano
1336 3848 1340 3859 Ι

69 3876 203 3957 vocant
242 3865 280 3931 ln
298 3864 397 3932 sacris
417 3866 512 3932 etiem
531 3859 760 3955 supernisrina
778 3857 975 3936 scindebant,-
996 3866 1047 3922 ut:
1090 3854 1215 3920 Meuia
1256 3883 1260 3889 ·

69 3951 168 4022 inter
184 3970 318 4017 cornua
331 3950 463 4039 fundit
470 3974 483 4028 3
503 3951 536 4016 in
551 3948 658 4016 inferis
672 3945 900 4031 mergebant,
922 3951 976 4007 utz·
1016 3938 1211 4024 Frontiqne

70 4035 233 4124 invergit
252 4035 336 4101 vinc
362 4035 532 4100 sacerdon
574 4034 638 4100 Est
663 4043 770 4099 autern
792 4027 941 4115 fundere
973 4026 1086 4114 supina
1119 4043 1215 4088 manu

10 4118 21 4127 ’
70 4119 191 4202 libare}
222 4119 406 4206 invergere
429 4141 503 4185 vero
533 4133 689 4186 conversa
719 4119 750 4184 in
779 4114 936 4181 sinistram
963 4121 1088 4200 partem
1120 4119 1218 4172 manu

70 4206 113 4277 ite
133 4203 294 4283 fundere,
317 4216 354 4272 ut
374 4217 487 4293 patera
507 4215 723 4285 convectatum
761 4200 859 4269 Haec·
880 4209 961 4266 uero
979 4218 1053 4263 non
1067 4192 1279 4259 cecidimus

743 4318 870 4388 -lb-

432 4446 441 4476 l
