<?xml version="1.0" encoding="UTF-8"?>
<!DOCTYPE html PUBLIC "-//W3C//DTD XHTML 1.0 Transitional//EN"
    "http://www.w3.org/TR/xhtml1/DTD/xhtml1-transitional.dtd">
<html xmlns="http://www.w3.org/1999/xhtml" xml:lang="en" lang="en">
 <head>
  <title>
</title>
<meta http-equiv="Content-Type" content="text/html;charset=utf-8" />
  <meta name='ocr-system' content='tesseract 3.04.00' />
  <meta name='ocr-capabilities' content='ocr_page ocr_carea ocr_par ocr_line ocrx_word'/>
</head>
<body>
  <div class='ocr_page' id='page_1' title='image "./scriptoresrereu00bodegoog_0255.png"; bbox 0 0 2684 4606; ppageno 0'>
   <div class='ocr_carea' id='block_1_1' title="bbox 27 330 1336 4359">
    <p class='ocr_par' dir='ltr' id='par_1_1' title="bbox 164 330 1299 460">
     <span class='ocr_line' id='line_1_1' title="bbox 164 330 1299 460; baseline 0 -36"><span class='ocrx_word' id='word_1_1' title='bbox 164 379 267 449; x_wconf 82' lang='lat' dir='ltr'>prope</span> <span class='ocrx_word' id='word_1_2' title='bbox 285 356 358 429; x_wconf 79' lang='lat' dir='ltr'><strong>litus</strong></span> <span class='ocrx_word' id='word_1_3' title='bbox 379 381 473 429; x_wconf 89' lang='lat' dir='ltr'><strong>sacra</strong></span> <span class='ocrx_word' id='word_1_4' title='bbox 491 333 708 441; x_wconf 85' lang='lat' dir='ltr'><strong>celebrarent,</strong></span> <span class='ocrx_word' id='word_1_5' title='bbox 744 360 848 429; x_wconf 90' lang='lat' dir='ltr'><strong>subito</strong></span> <span class='ocrx_word' id='word_1_6' title='bbox 869 361 1042 449; x_wconf 79' lang='lat' dir='ltr'><strong>piratarum</strong></span> <span class='ocrx_word' id='word_1_7' title='bbox 1063 330 1208 447; x_wconf 73' lang='lat' dir='ltr'><strong>adventis</strong></span> <span class='ocrx_word' id='word_1_8' title='bbox 1229 378 1299 460; x_wconf 87' lang='lat' dir='ltr'><strong>rap·</strong></span> 
     </span>
    </p>

    <p class='ocr_par' dir='ltr' id='par_1_2' title="bbox 99 444 1302 1133">
     <span class='ocr_line' id='line_1_2' title="bbox 99 444 1297 536; baseline -0.003 -25"><span class='ocrx_word' id='word_1_9' title='bbox 99 484 102 491; x_wconf 77' lang='lat'><em>,</em></span> <span class='ocrx_word' id='word_1_10' title='bbox 159 455 219 512; x_wconf 87' lang='lat' dir='ltr'><strong>tae</strong></span> <span class='ocrx_word' id='word_1_11' title='bbox 240 455 273 512; x_wconf 93' lang='lat' dir='ltr'><strong>et</strong></span> <span class='ocrx_word' id='word_1_12' title='bbox 301 458 483 536; x_wconf 84' lang='lat' dir='ltr'><strong>asportatae</strong></span> <span class='ocrx_word' id='word_1_13' title='bbox 510 459 602 528; x_wconf 90' lang='lat' dir='ltr'><strong>sunt,</strong></span> <span class='ocrx_word' id='word_1_14' title='bbox 639 449 722 515; x_wconf 90' lang='lat' dir='ltr'><strong>inter</strong></span> <span class='ocrx_word' id='word_1_15' title='bbox 751 470 831 534; x_wconf 87' lang='lat' dir='ltr'><strong>quas</strong></span> <span class='ocrx_word' id='word_1_16' title='bbox 860 457 893 512; x_wconf 92' lang='lat' dir='ltr'><strong>et</strong></span> <span class='ocrx_word' id='word_1_17' title='bbox 920 448 1154 536; x_wconf 84' lang='lat' dir='ltr'><strong>Hymenaeus,</strong></span> <span class='ocrx_word' id='word_1_18' title='bbox 1184 444 1242 532; x_wconf 83' lang='lat' dir='ltr'><strong>qui</strong></span> <span class='ocrx_word' id='word_1_19' title='bbox 1268 464 1297 508; x_wconf 90' lang='lat' dir='ltr'><strong>rn</strong></span> 
     </span>
     <span class='ocr_line' id='line_1_3' title="bbox 162 529 1297 619; baseline -0.002 -24"><span class='ocrx_word' id='word_1_20' title='bbox 162 529 283 599; x_wconf 85' lang='lat' dir='ltr'><strong>habitu.</strong></span> <span class='ocrx_word' id='word_1_21' title='bbox 309 532 453 599; x_wconf 81' lang='lat' dir='ltr'>muliebri</span> <span class='ocrx_word' id='word_1_22' title='bbox 487 546 624 600; x_wconf 89' lang='lat' dir='ltr'><strong>amatam</strong></span> <span class='ocrx_word' id='word_1_23' title='bbox 658 530 812 619; x_wconf 85' lang='lat' dir='ltr'><strong>virginem</strong></span> <span class='ocrx_word' id='word_1_24' title='bbox 841 533 1049 608; x_wconf 87' lang='lat' dir='ltr'><strong>subsecutus,</strong></span> <span class='ocrx_word' id='word_1_25' title='bbox 1088 529 1199 618; x_wconf 87' lang='lat' dir='ltr'><strong>puella</strong></span> <span class='ocrx_word' id='word_1_26' title='bbox 1231 550 1297 595; x_wconf 90' lang='lat' dir='ltr'><strong>cre-</strong></span> 
     </span>
     <span class='ocr_line' id='line_1_4' title="bbox 166 613 1302 706; baseline -0.001 -25"><span class='ocrx_word' id='word_1_27' title='bbox 166 614 251 684; x_wconf 87' lang='lat' dir='ltr'><strong>ditus</strong></span> <span class='ocrx_word' id='word_1_28' title='bbox 271 629 329 685; x_wconf 88' lang='lat' dir='ltr'><strong>est.</strong></span> <span class='ocrx_word' id='word_1_29' title='bbox 378 617 510 684; x_wconf 80' lang='lat' dir='ltr'><strong>Piratae</strong></span> <span class='ocrx_word' id='word_1_30' title='bbox 540 640 615 695; x_wconf 74' lang='lat' dir='ltr'><strong>uero</strong></span> <span class='ocrx_word' id='word_1_31' title='bbox 635 619 667 684; x_wconf 91' lang='lat' dir='ltr'><strong>in</strong></span> <span class='ocrx_word' id='word_1_32' title='bbox 689 617 863 706; x_wconf 87' lang='lat' dir='ltr'><strong>longinqua</strong></span> <span class='ocrx_word' id='word_1_33' title='bbox 890 614 1024 704; x_wconf 80' lang='lat' dir='ltr'><strong>regione</strong></span> <span class='ocrx_word' id='word_1_34' title='bbox 1052 628 1185 705; x_wconf 89' lang='lat' dir='ltr'><strong>portum</strong></span> <span class='ocrx_word' id='word_1_35' title='bbox 1208 613 1302 693; x_wconf 66' lang='lat' dir='ltr'><strong>nacti,</strong></span> 
     </span>
     <span class='ocr_line' id='line_1_5' title="bbox 139 701 1295 792; baseline 0 -27"><span class='ocrx_word' id='word_1_36' title='bbox 139 701 205 767; x_wconf 88' lang='lat' dir='ltr'><strong>oab</strong></span> <span class='ocrx_word' id='word_1_37' title='bbox 251 701 489 791; x_wconf 79' lang='lat' dir='ltr'><strong>insequentibus</strong></span> <span class='ocrx_word' id='word_1_38' title='bbox 529 717 601 772; x_wconf 88' lang='lat' dir='ltr'><strong>sunt</strong></span> <span class='ocrx_word' id='word_1_39' title='bbox 636 704 804 771; x_wconf 85' lang='lat' dir='ltr'><strong>interemti.</strong></span> <span class='ocrx_word' id='word_1_40' title='bbox 859 704 1080 792; x_wconf 84' lang='lat' dir='ltr'><strong>Hymenaeus.</strong></span> <span class='ocrx_word' id='word_1_41' title='bbox 1101 704 1212 789; x_wconf 83' lang='lat' dir='ltr'><strong>,igitur</strong></span> <span class='ocrx_word' id='word_1_42' title='bbox 1248 720 1295 765; x_wconf 89' lang='lat' dir='ltr'><strong>re·</strong></span> 
     </span>
     <span class='ocr_line' id='line_1_6' title="bbox 160 784 1296 879; baseline 0 -28"><span class='ocrx_word' id='word_1_43' title='bbox 160 784 242 853; x_wconf 88' lang='lat' dir='ltr'><strong>lictis</strong></span> <span class='ocrx_word' id='word_1_44' title='bbox 273 788 315 854; x_wconf 93' lang='lat' dir='ltr'><strong>ibi</strong></span> <span class='ocrx_word' id='word_1_45' title='bbox 347 788 538 874; x_wconf 85' lang='lat' dir='ltr'><strong>virginibus,</strong></span> <span class='ocrx_word' id='word_1_46' title='bbox 576 789 715 857; x_wconf 80' lang='lat' dir='ltr'><strong>Athenas</strong></span> <span class='ocrx_word' id='word_1_47' title='bbox 744 810 909 865; x_wconf 78' lang='lat' dir='ltr'><strong>reversus„</strong></span> <span class='ocrx_word' id='word_1_48' title='bbox 942 787 1079 855; x_wconf 87' lang='lat' dir='ltr'><strong>dilectae</strong></span> <span class='ocrx_word' id='word_1_49' title='bbox 1118 787 1248 875; x_wconf 87' lang='lat' dir='ltr'><strong>nuptias</strong></span> <span class='ocrx_word' id='word_1_50' title='bbox 1273 806 1296 879; x_wconf 34' lang='lat' dir='ltr'><strong>&#39;a</strong></span> 
     </span>
     <span class='ocr_line' id='line_1_7' title="bbox 162 872 1295 974; baseline -0.001 -37"><span class='ocrx_word' id='word_1_51' title='bbox 162 872 281 939; x_wconf 85' lang='lat' dir='ltr'><strong>civibus</strong></span> <span class='ocrx_word' id='word_1_52' title='bbox 302 884 416 962; x_wconf 90' lang='lat' dir='ltr'><strong>pactus</strong></span> <span class='ocrx_word' id='word_1_53' title='bbox 448 884 514 954; x_wconf 90' lang='lat' dir='ltr'><strong>est,</strong></span> <span class='ocrx_word' id='word_1_54' title='bbox 546 874 573 940; x_wconf 91' lang='lat' dir='ltr'><strong>si</strong></span> <span class='ocrx_word' id='word_1_55' title='bbox 605 874 684 941; x_wconf 89' lang='lat' dir='ltr'><strong>filias</strong></span> <span class='ocrx_word' id='word_1_56' title='bbox 713 874 751 941; x_wconf 92' lang='lat' dir='ltr'><strong>iis</strong></span> <span class='ocrx_word' id='word_1_57' title='bbox 779 872 977 942; x_wconf 86' lang='lat' dir='ltr'><strong>restituisset</strong></span> <span class='ocrx_word' id='word_1_58' title='bbox 1033 874 1124 949; x_wconf 82' lang='lat' dir='ltr'><strong>Quas</strong></span> <span class='ocrx_word' id='word_1_59' title='bbox 1152 873 1214 939; x_wconf 89' lang='lat' dir='ltr'><strong>ubi</strong></span> <span class='ocrx_word' id='word_1_60' title='bbox 1240 891 1295 974; x_wconf 91' lang='lat' dir='ltr'><strong>pro</strong></span> 
     </span>
     <span class='ocr_line' id='line_1_8' title="bbox 160 956 1295 1049; baseline -0.002 -26"><span class='ocrx_word' id='word_1_61' title='bbox 160 968 234 1049; x_wconf 84' lang='lat' dir='ltr'><strong>voto</strong></span> <span class='ocrx_word' id='word_1_62' title='bbox 256 960 411 1037; x_wconf 88' lang='lat' dir='ltr'><strong>restituit,</strong></span> <span class='ocrx_word' id='word_1_63' title='bbox 449 968 632 1048; x_wconf 80' lang='lat' dir='ltr'><strong>exoptatam</strong></span> <span class='ocrx_word' id='word_1_64' title='bbox 665 959 756 1028; x_wconf 83' lang='lat' dir='ltr'><strong>duxit</strong></span> <span class='ocrx_word' id='word_1_65' title='bbox 778 981 919 1028; x_wconf 84' lang='lat' dir='ltr'><strong>uxorem.</strong></span> <span class='ocrx_word' id='word_1_66' title='bbox 975 957 1039 1025; x_wconf 81' lang='lat' dir='ltr'><strong>eui</strong></span> <span class='ocrx_word' id='word_1_67' title='bbox 1067 960 1144 1046; x_wconf 90' lang='lat' dir='ltr'><strong>quia</strong></span> <span class='ocrx_word' id='word_1_68' title='bbox 1167 956 1295 1035; x_wconf 73' lang='lat' dir='ltr'><strong>feliciter</strong></span> 
     </span>
     <span class='ocr_line' id='line_1_9' title="bbox 159 1042 1295 1133; baseline -0.003 -25"><span class='ocrx_word' id='word_1_69' title='bbox 159 1042 343 1133; x_wconf 87' lang='lat' dir='ltr'><strong>conjugium</strong></span> <span class='ocrx_word' id='word_1_70' title='bbox 364 1045 431 1113; x_wconf 92' lang='lat' dir='ltr'><strong>obti</strong></span> <span class='ocrx_word' id='word_1_71' title='bbox 456 1044 496 1126; x_wconf 84' lang='lat' dir='ltr'><strong>·t‚</strong></span> <span class='ocrx_word' id='word_1_72' title='bbox 529 1045 680 1126; x_wconf 87' lang='lat' dir='ltr'><strong>obtinuit,</strong></span> <span class='ocrx_word' id='word_1_73' title='bbox 718 1055 756 1112; x_wconf 91' lang='lat' dir='ltr'><strong>ut</strong></span> <span class='ocrx_word' id='word_1_74' title='bbox 782 1068 898 1111; x_wconf 90' lang='lat' dir='ltr'><strong>nornen</strong></span> <span class='ocrx_word' id='word_1_75' title='bbox 932 1042 1000 1129; x_wconf 77' lang='lat' dir='ltr'><strong>eius</strong></span> <span class='ocrx_word' id='word_1_76' title='bbox 1020 1044 1053 1109; x_wconf 91' lang='lat' dir='ltr'><strong>in</strong></span> <span class='ocrx_word' id='word_1_77' title='bbox 1066 1066 1117 1110; x_wconf 90' lang='lat' dir='ltr'><strong>-nu</strong></span> <span class='ocrx_word' id='word_1_78' title='bbox 1143 1043 1197 1110; x_wconf 90' lang='lat' dir='ltr'><strong>tiis</strong></span> <span class='ocrx_word' id='word_1_79' title='bbox 1213 1043 1295 1108; x_wconf 88' lang='lat' dir='ltr'><strong>inro-</strong></span> 
     </span>
    </p>

    <p class='ocr_par' dir='ltr' id='par_1_3' title="bbox 27 1066 1294 1391">
     <span class='ocr_line' id='line_1_10' title="bbox 27 1066 1294 1222; baseline 0.003 -33"><span class='ocrx_word' id='word_1_80' title='bbox 27 1127 54 1137; x_wconf 82' lang='lat'><strong>&#39;&#39;</strong></span> <span class='ocrx_word' id='word_1_81' title='bbox 119 1139 264 1196; x_wconf 82' lang='lat' dir='ltr'><strong>locetur.</strong></span> <span class='ocrx_word' id='word_1_82' title='bbox 316 1129 400 1197; x_wconf 89' lang='lat' dir='ltr'><strong>Nam</strong></span> <span class='ocrx_word' id='word_1_83' title='bbox 459 1152 648 1222; x_wconf 79' lang='lat' dir='ltr'><strong>ymenaeum</strong></span> <span class='ocrx_word' id='word_1_84' title='bbox 670 1128 924 1212; x_wconf 73' lang='lat' dir='ltr'><strong>adolescentem,</strong></span> <span class='ocrx_word' id='word_1_85' title='bbox 951 1138 988 1196; x_wconf 91' lang='lat' dir='ltr'><strong>ut</strong></span> <span class='ocrx_word' id='word_1_86' title='bbox 1018 1066 1158 1209; x_wconf 80' lang='lat' dir='ltr'><strong>nonnulli</strong></span> <span class='ocrx_word' id='word_1_87' title='bbox 1180 1128 1294 1207; x_wconf 88' lang='lat' dir='ltr'><strong>dicunt,</strong></span> 
     </span>
     <span class='ocr_line' id='line_1_11' title="bbox 160 1212 1294 1305; baseline -0.001 -26"><span class='ocrx_word' id='word_1_88' title='bbox 160 1212 213 1279; x_wconf 88' lang='lat' dir='ltr'><strong>die</strong></span> <span class='ocrx_word' id='word_1_89' title='bbox 253 1216 432 1303; x_wconf 89' lang='lat' dir='ltr'><strong>nuptiarum</strong></span> <span class='ocrx_word' id='word_1_90' title='bbox 465 1216 558 1282; x_wconf 91' lang='lat' dir='ltr'><strong>ruina</strong></span> <span class='ocrx_word' id='word_1_91' title='bbox 592 1237 781 1305; x_wconf 89' lang='lat' dir='ltr'><strong>oppressum</strong></span> <span class='ocrx_word' id='word_1_92' title='bbox 808 1239 897 1297; x_wconf 90' lang='lat' dir='ltr'><strong>esse,</strong></span> <span class='ocrx_word' id='word_1_93' title='bbox 937 1212 1076 1303; x_wconf 88' lang='lat' dir='ltr'><strong>ideoque</strong></span> <span class='ocrx_word' id='word_1_94' title='bbox 1111 1212 1294 1304; x_wconf 80' lang='lat' dir='ltr'><strong>expiationis</strong></span> 
     </span>
     <span class='ocr_line' id='line_1_12' title="bbox 159 1298 1293 1391; baseline -0.001 -24"><span class='ocrx_word' id='word_1_95' title='bbox 159 1319 258 1367; x_wconf 88' lang='lat' dir='ltr'><strong>causa</strong></span> <span class='ocrx_word' id='word_1_96' title='bbox 277 1318 393 1367; x_wconf 88' lang='lat' dir='ltr'><strong>nomen</strong></span> <span class='ocrx_word' id='word_1_97' title='bbox 412 1302 445 1367; x_wconf 89' lang='lat' dir='ltr'><strong>in</strong></span> <span class='ocrx_word' id='word_1_98' title='bbox 466 1301 582 1391; x_wconf 87' lang='lat' dir='ltr'><strong>nuptiis</strong></span> <span class='ocrx_word' id='word_1_99' title='bbox 599 1302 748 1383; x_wconf 83' lang='lat' dir='ltr'><strong>invocari,</strong></span> <span class='ocrx_word' id='word_1_100' title='bbox 770 1301 882 1371; x_wconf 86' lang='lat' dir='ltr'><strong>salsum</strong></span> <span class='ocrx_word' id='word_1_101' title='bbox 903 1322 976 1367; x_wconf 89' lang='lat' dir='ltr'><strong>esse</strong></span> <span class='ocrx_word' id='word_1_102' title='bbox 996 1298 1128 1368; x_wconf 83' lang='lat' dir='ltr'><strong>Servius</strong></span> <span class='ocrx_word' id='word_1_103' title='bbox 1151 1299 1293 1366; x_wconf 78' lang='lat' dir='ltr'><strong>affirmat.</strong></span> 
     </span>
    </p>

    <p class='ocr_par' dir='ltr' id='par_1_4' title="bbox 158 1385 1294 1559">
     <span class='ocr_line' id='line_1_13' title="bbox 243 1385 1293 1476; baseline 0.002 -26"><span class='ocrx_word' id='word_1_104' title='bbox 243 1385 274 1450; x_wconf 86' lang='grc'><strong>4.</strong></span> <span class='ocrx_word' id='word_1_105' title='bbox 318 1385 416 1461; x_wconf 82' lang='lat' dir='ltr'><strong>Quod</strong></span> <span class='ocrx_word' id='word_1_106' title='bbox 446 1408 522 1455; x_wconf 85' lang='lat' dir='ltr'><strong>vero</strong></span> <span class='ocrx_word' id='word_1_107' title='bbox 550 1388 645 1476; x_wconf 87' lang='lat' dir='ltr'><strong>fingit</strong></span> <span class='ocrx_word' id='word_1_108' title='bbox 673 1386 840 1475; x_wconf 81' lang='lat' dir='ltr'><strong>Virgilius,</strong></span> <span class='ocrx_word' id='word_1_109' title='bbox 880 1387 990 1452; x_wconf 85' lang='lat' dir='ltr'><strong>Aenea</strong></span> <span class='ocrx_word' id='word_1_110' title='bbox 1018 1386 1051 1451; x_wconf 95' lang='lat' dir='ltr'><strong>in</strong></span> <span class='ocrx_word' id='word_1_111' title='bbox 1075 1385 1217 1475; x_wconf 77' lang='lat' dir='ltr'><strong>Libyam</strong></span> <span class='ocrx_word' id='word_1_112' title='bbox 1242 1406 1293 1475; x_wconf 45' lang='lat' dir='ltr'><strong>ap,-</strong></span> 
     </span>
     <span class='ocr_line' id='line_1_14' title="bbox 158 1468 1294 1559; baseline 0.002 -23"><span class='ocrx_word' id='word_1_113' title='bbox 158 1468 267 1558; x_wconf 92' lang='lat' dir='ltr'><strong>pulso,</strong></span> <span class='ocrx_word' id='word_1_114' title='bbox 287 1471 399 1540; x_wconf 89' lang='lat' dir='ltr'><strong>Jovem</strong></span> <span class='ocrx_word' id='word_1_115' title='bbox 420 1471 453 1559; x_wconf 77' lang='lat' dir='ltr'><strong>in</strong></span> <span class='ocrx_word' id='word_1_116' title='bbox 476 1495 600 1540; x_wconf 87' lang='lat' dir='ltr'><strong>summo</strong></span> <span class='ocrx_word' id='word_1_117' title='bbox 622 1472 712 1539; x_wconf 91' lang='lat' dir='ltr'><strong>caelo</strong></span> <span class='ocrx_word' id='word_1_118' title='bbox 733 1496 808 1539; x_wconf 90' lang='lat' dir='ltr'><strong>curn</strong></span> <span class='ocrx_word' id='word_1_119' title='bbox 828 1471 954 1537; x_wconf 87' lang='lat' dir='ltr'><strong>Venere</strong></span> <span class='ocrx_word' id='word_1_120' title='bbox 975 1470 1180 1552; x_wconf 82' lang='lat' dir='ltr'><strong>convenisse,</strong></span> <span class='ocrx_word' id='word_1_121' title='bbox 1197 1480 1294 1538; x_wconf 83' lang='lat' dir='ltr'><strong>metu-</strong></span> 
     </span>
    </p>

    <p class='ocr_par' dir='ltr' id='par_1_5' title="bbox 40 1554 1294 1991">
     <span class='ocr_line' id='line_1_15' title="bbox 40 1554 1294 1646; baseline 0.001 -26"><span class='ocrx_word' id='word_1_122' title='bbox 40 1583 43 1589; x_wconf 94' lang='lat'><em>·</em></span> <span class='ocrx_word' id='word_1_123' title='bbox 117 1556 297 1646; x_wconf 73' lang='lat' dir='ltr'><strong>lonymiam</strong></span> <span class='ocrx_word' id='word_1_124' title='bbox 333 1557 417 1624; x_wconf 89' lang='lat' dir='ltr'><strong>illam</strong></span> <span class='ocrx_word' id='word_1_125' title='bbox 448 1558 626 1626; x_wconf 90' lang='lat' dir='ltr'><strong>secundum</strong></span> <span class='ocrx_word' id='word_1_126' title='bbox 658 1557 814 1625; x_wconf 86' lang='lat' dir='ltr'><strong>mathesin</strong></span> <span class='ocrx_word' id='word_1_127' title='bbox 849 1554 974 1624; x_wconf 85' lang='lat' dir='ltr'><strong>videtur</strong></span> <span class='ocrx_word' id='word_1_128' title='bbox 1005 1556 1165 1623; x_wconf 89' lang='lat' dir='ltr'><strong>ordinare.</strong></span> <span class='ocrx_word' id='word_1_129' title='bbox 1215 1554 1294 1622; x_wconf 70' lang='lat' dir='ltr'><strong>Nn</strong></span> 
     </span>
     <span class='ocr_line' id='line_1_16' title="bbox 157 1639 1292 1731; baseline -0.002 -23"><span class='ocrx_word' id='word_1_130' title='bbox 157 1641 247 1708; x_wconf 88' lang='lat' dir='ltr'><strong>stella</strong></span> <span class='ocrx_word' id='word_1_131' title='bbox 268 1642 380 1708; x_wconf 84' lang='lat' dir='ltr'><strong>Joviali</strong></span> <span class='ocrx_word' id='word_1_132' title='bbox 400 1645 432 1709; x_wconf 94' lang='lat' dir='ltr'><strong>in</strong></span> <span class='ocrx_word' id='word_1_133' title='bbox 452 1643 618 1712; x_wconf 88' lang='lat' dir='ltr'><strong>altitudine</strong></span> <span class='ocrx_word' id='word_1_134' title='bbox 638 1666 697 1711; x_wconf 89' lang='lat' dir='ltr'><strong>sua</strong></span> <span class='ocrx_word' id='word_1_135' title='bbox 717 1642 822 1731; x_wconf 88' lang='lat' dir='ltr'><strong>posita</strong></span> <span class='ocrx_word' id='word_1_136' title='bbox 842 1664 916 1707; x_wconf 85' lang='lat' dir='ltr'><strong>curn</strong></span> <span class='ocrx_word' id='word_1_137' title='bbox 937 1642 1028 1709; x_wconf 89' lang='lat' dir='ltr'><strong>stella</strong></span> <span class='ocrx_word' id='word_1_138' title='bbox 1056 1641 1203 1709; x_wconf 79' lang='lat' dir='ltr'><strong>Veneria.</strong></span> <span class='ocrx_word' id='word_1_139' title='bbox 1230 1639 1292 1727; x_wconf 80' lang='lat' dir='ltr'><strong>sig·</strong></span> 
     </span>
     <span class='ocr_line' id='line_1_17' title="bbox 156 1726 1294 1818; baseline 0.003 -28"><span class='ocrx_word' id='word_1_140' title='bbox 156 1727 278 1794; x_wconf 91' lang='lat' dir='ltr'><strong>nificari</strong></span> <span class='ocrx_word' id='word_1_141' title='bbox 299 1726 431 1811; x_wconf 88' lang='lat' dir='ltr'><strong>dicitur,</strong></span> <span class='ocrx_word' id='word_1_142' title='bbox 459 1729 547 1818; x_wconf 89' lang='lat' dir='ltr'><strong>quod</strong></span> <span class='ocrx_word' id='word_1_143' title='bbox 567 1751 627 1817; x_wconf 91' lang='lat' dir='ltr'><strong>per</strong></span> <span class='ocrx_word' id='word_1_144' title='bbox 643 1729 807 1795; x_wconf 89' lang='lat' dir='ltr'><strong>mulierem</strong></span> <span class='ocrx_word' id='word_1_145' title='bbox 823 1726 928 1815; x_wconf 90' lang='lat' dir='ltr'><strong>aliqua</strong></span> <span class='ocrx_word' id='word_1_146' title='bbox 951 1727 1083 1795; x_wconf 84' lang='lat' dir='ltr'><strong>lelicitas</strong></span> <span class='ocrx_word' id='word_1_147' title='bbox 1104 1734 1294 1816; x_wconf 78' lang='lat' dir='ltr'><strong>proventura</strong></span> 
     </span>
     <span class='ocr_line' id='line_1_18' title="bbox 156 1808 1294 1916; baseline -0.001 -38"><span class='ocrx_word' id='word_1_148' title='bbox 156 1813 206 1879; x_wconf 90' lang='lat' dir='ltr'><strong>sit.</strong></span> <span class='ocrx_word' id='word_1_149' title='bbox 264 1812 359 1900; x_wconf 82' lang='lat' dir='ltr'><strong>Ergo</strong></span> <span class='ocrx_word' id='word_1_150' title='bbox 391 1808 465 1902; x_wconf 68' lang='lat' dir='ltr'><strong>sicia</strong></span> <span class='ocrx_word' id='word_1_151' title='bbox 493 1817 618 1881; x_wconf 85' lang='lat' dir='ltr'><strong>Aeneas</strong></span> <span class='ocrx_word' id='word_1_152' title='bbox 654 1815 687 1879; x_wconf 93' lang='lat' dir='ltr'><strong>in</strong></span> <span class='ocrx_word' id='word_1_153' title='bbox 712 1824 840 1916; x_wconf 85' lang='lat' dir='ltr'><strong>partem</strong></span> <span class='ocrx_word' id='word_1_154' title='bbox 878 1814 971 1900; x_wconf 84' lang='lat' dir='ltr'><strong>regni</strong></span> <span class='ocrx_word' id='word_1_155' title='bbox 997 1834 1057 1903; x_wconf 87' lang='lat' dir='ltr'><strong>per</strong></span> <span class='ocrx_word' id='word_1_156' title='bbox 1090 1812 1294 1878; x_wconf 86' lang='lat' dir='ltr'><strong>occacionem</strong></span> 
     </span>
     <span class='ocr_line' id='line_1_19' title="bbox 159 1892 1294 1991; baseline -0.002 -28"><span class='ocrx_word' id='word_1_157' title='bbox 159 1897 299 1987; x_wconf 90' lang='lat' dir='ltr'><strong>conjugii</strong></span> <span class='ocrx_word' id='word_1_158' title='bbox 320 1909 391 1966; x_wconf 89' lang='lat' dir='ltr'><strong>erat</strong></span> <span class='ocrx_word' id='word_1_159' title='bbox 410 1897 635 1991; x_wconf 78' lang='lat' dir='ltr'><strong>admittendus,</strong></span> <span class='ocrx_word' id='word_1_160' title='bbox 658 1898 781 1965; x_wconf 86' lang='lat' dir='ltr'><strong>idcrrco</strong></span> <span class='ocrx_word' id='word_1_161' title='bbox 801 1898 865 1964; x_wconf 89' lang='lat' dir='ltr'><strong>hoo</strong></span> <span class='ocrx_word' id='word_1_162' title='bbox 885 1904 982 1986; x_wconf 69' lang='lat' dir='ltr'><strong>poeta</strong></span> <span class='ocrx_word' id='word_1_163' title='bbox 1004 1898 1178 1987; x_wconf 85' lang='lat' dir='ltr'><strong>praemisit</strong></span> <span class='ocrx_word' id='word_1_164' title='bbox 1218 1892 1294 1977; x_wconf 78' lang='lat' dir='ltr'><strong>Illud</strong></span> 
     </span>
    </p>

    <p class='ocr_par' dir='ltr' id='par_1_6' title="bbox 116 1981 1320 2407">
     <span class='ocr_line' id='line_1_20' title="bbox 116 1981 1293 2072; baseline 0.001 -24"><span class='ocrx_word' id='word_1_165' title='bbox 116 1983 256 2051; x_wconf 86' lang='lat' dir='ltr'><strong>2⁰etiam</strong></span> <span class='ocrx_word' id='word_1_166' title='bbox 277 1981 395 2051; x_wconf 87' lang='lat' dir='ltr'><strong>ibidem</strong></span> <span class='ocrx_word' id='word_1_167' title='bbox 418 1984 666 2064; x_wconf 83' lang='lat' dir='ltr'><strong>animadvertes,</strong></span> <span class='ocrx_word' id='word_1_168' title='bbox 697 1984 784 2072; x_wconf 90' lang='lat' dir='ltr'><strong>quod</strong></span> <span class='ocrx_word' id='word_1_169' title='bbox 840 1984 1006 2051; x_wconf 86' lang='lat' dir='ltr'><strong>eritissima</strong></span> <span class='ocrx_word' id='word_1_170' title='bbox 1035 1982 1115 2051; x_wconf 85' lang='lat' dir='ltr'><strong>dixit</strong></span> <span class='ocrx_word' id='word_1_171' title='bbox 1135 1984 1293 2052; x_wconf 86' lang='lat' dir='ltr'><strong>Venerem</strong></span> 
     </span>
     <span class='ocr_line' id='line_1_21' title="bbox 157 2008 1296 2160; baseline -0.003 -24"><span class='ocrx_word' id='word_1_172' title='bbox 157 2081 234 2136; x_wconf 87' lang='lat' dir='ltr'><strong>tuna</strong></span> <span class='ocrx_word' id='word_1_173' title='bbox 254 2067 335 2133; x_wconf 86' lang='lat' dir='ltr'><strong>Jove</strong></span> <span class='ocrx_word' id='word_1_174' title='bbox 356 2068 545 2153; x_wconf 81' lang='lat' dir='ltr'><strong>tristiorem3</strong></span> <span class='ocrx_word' id='word_1_175' title='bbox 582 2093 621 2135; x_wconf 87' lang='lat' dir='ltr'><strong>ex</strong></span> <span class='ocrx_word' id='word_1_176' title='bbox 643 2092 707 2157; x_wconf 92' lang='lat' dir='ltr'><strong>quo</strong></span> <span class='ocrx_word' id='word_1_177' title='bbox 730 2008 910 2160; x_wconf 73' lang='lat' dir='ltr'><strong>signiticat,</strong></span> <span class='ocrx_word' id='word_1_178' title='bbox 939 2070 1057 2135; x_wconf 85' lang='lat' dir='ltr'><strong>exitum</strong></span> <span class='ocrx_word' id='word_1_179' title='bbox 1086 2068 1197 2135; x_wconf 85' lang='lat' dir='ltr'><strong>uxoris</strong></span> <span class='ocrx_word' id='word_1_180' title='bbox 1216 2066 1296 2133; x_wconf 85' lang='lat' dir='ltr'><strong>inlo-</strong></span> 
     </span>
     <span class='ocr_line' id='line_1_22' title="bbox 156 2150 1294 2236; baseline 0 -18"><span class='ocrx_word' id='word_1_181' title='bbox 156 2155 249 2219; x_wconf 88' lang='lat' dir='ltr'><strong>licem</strong></span> <span class='ocrx_word' id='word_1_182' title='bbox 271 2153 433 2236; x_wconf 84' lang='lat' dir='ltr'><strong>futurum;</strong></span> <span class='ocrx_word' id='word_1_183' title='bbox 466 2177 541 2222; x_wconf 90' lang='lat' dir='ltr'><strong>nam</strong></span> <span class='ocrx_word' id='word_1_184' title='bbox 568 2178 605 2220; x_wconf 91' lang='lat' dir='ltr'><strong>se</strong></span> <span class='ocrx_word' id='word_1_185' title='bbox 626 2153 698 2222; x_wconf 87' lang='lat' dir='ltr'><strong>deni</strong></span> <span class='ocrx_word' id='word_1_186' title='bbox 723 2178 764 2223; x_wconf 90' lang='lat' dir='ltr'><strong>ue</strong></span> <span class='ocrx_word' id='word_1_187' title='bbox 784 2154 871 2222; x_wconf 89' lang='lat' dir='ltr'><strong>Dido</strong></span> <span class='ocrx_word' id='word_1_188' title='bbox 897 2155 1064 2221; x_wconf 88' lang='lat' dir='ltr'><strong>interemit.</strong></span> <span class='ocrx_word' id='word_1_189' title='bbox 1120 2150 1221 2230; x_wconf 81' lang='lat' dir='ltr'><strong>Quod</strong></span> <span class='ocrx_word' id='word_1_190' title='bbox 1242 2174 1294 2219; x_wconf 87' lang='lat' dir='ltr'><strong>an-</strong></span> 
     </span>
     <span class='ocr_line' id='line_1_23' title="bbox 156 2179 1295 2309; baseline 0.001 -5"><span class='ocrx_word' id='word_1_191' title='bbox 156 2249 220 2304; x_wconf 88' lang='lat' dir='ltr'><strong>tem</strong></span> <span class='ocrx_word' id='word_1_192' title='bbox 241 2241 435 2307; x_wconf 83' lang='lat' dir='ltr'><strong>Mercurium</strong></span> <span class='ocrx_word' id='word_1_193' title='bbox 461 2239 538 2309; x_wconf 83' lang='lat' dir='ltr'><strong>facit</strong></span> <span class='ocrx_word' id='word_1_194' title='bbox 559 2262 579 2306; x_wconf 86' lang='lat' dir='ltr'><strong>a</strong></span> <span class='ocrx_word' id='word_1_195' title='bbox 599 2240 681 2307; x_wconf 81' lang='lat' dir='ltr'><strong>Jove</strong></span> <span class='ocrx_word' id='word_1_196' title='bbox 700 2179 893 2308; x_wconf 84' lang='lat' dir='ltr'><strong>defluentem</strong></span> <span class='ocrx_word' id='word_1_197' title='bbox 923 2239 964 2306; x_wconf 94' lang='lat' dir='ltr'><strong>ad</strong></span> <span class='ocrx_word' id='word_1_198' title='bbox 986 2237 1140 2305; x_wconf 82' lang='lat' dir='ltr'><strong>occasunl</strong></span> <span class='ocrx_word' id='word_1_199' title='bbox 1163 2238 1295 2305; x_wconf 82' lang='lat' dir='ltr'><strong>descen-</strong></span> 
     </span>
     <span class='ocr_line' id='line_1_24' title="bbox 158 2322 1320 2407; baseline 0.001 -19"><span class='ocrx_word' id='word_1_200' title='bbox 158 2323 252 2406; x_wconf 88' lang='lat' dir='ltr'><strong>dere,</strong></span> <span class='ocrx_word' id='word_1_201' title='bbox 290 2323 324 2389; x_wconf 93' lang='lat' dir='ltr'><strong>id</strong></span> <span class='ocrx_word' id='word_1_202' title='bbox 358 2336 407 2393; x_wconf 89' lang='lat' dir='ltr'><strong>est</strong></span> <span class='ocrx_word' id='word_1_203' title='bbox 437 2325 478 2391; x_wconf 89' lang='lat' dir='ltr'><strong>ad</strong></span> <span class='ocrx_word' id='word_1_204' title='bbox 505 2328 568 2393; x_wconf 93' lang='lat' dir='ltr'><strong>ima</strong></span> <span class='ocrx_word' id='word_1_205' title='bbox 598 2338 775 2407; x_wconf 90' lang='lat' dir='ltr'><strong>terrarum,</strong></span> <span class='ocrx_word' id='word_1_206' title='bbox 814 2325 953 2394; x_wconf 91' lang='lat' dir='ltr'><strong>ostendit</strong></span> <span class='ocrx_word' id='word_1_207' title='bbox 985 2323 1138 2391; x_wconf 85' lang='lat' dir='ltr'><strong>amicitias</strong></span> <span class='ocrx_word' id='word_1_208' title='bbox 1193 2322 1320 2389; x_wconf 90' lang='lat' dir='ltr'><strong>uidem·</strong></span> 
     </span>
    </p>

    <p class='ocr_par' dir='ltr' id='par_1_7' title="bbox 52 2408 1336 2854">
     <span class='ocr_line' id='line_1_25' title="bbox 116 2408 1296 2501; baseline -0.001 -23"><span class='ocrx_word' id='word_1_209' title='bbox 116 2409 247 2492; x_wconf 77' lang='lat' dir='ltr'><strong>assare,</strong></span> <span class='ocrx_word' id='word_1_210' title='bbox 295 2408 353 2476; x_wconf 90' lang='lat' dir='ltr'><strong>sed</strong></span> <span class='ocrx_word' id='word_1_211' title='bbox 388 2412 516 2478; x_wconf 89' lang='lat' dir='ltr'><strong>minime</strong></span> <span class='ocrx_word' id='word_1_212' title='bbox 553 2410 704 2479; x_wconf 90' lang='lat' dir='ltr'><strong>diuturno</strong></span> <span class='ocrx_word' id='word_1_213' title='bbox 741 2425 886 2501; x_wconf 88' lang='lat' dir='ltr'><strong>ternpore</strong></span> <span class='ocrx_word' id='word_1_214' title='bbox 926 2430 1124 2499; x_wconf 87' lang='lat' dir='ltr'><strong>permanere.</strong></span> <span class='ocrx_word' id='word_1_215' title='bbox 1212 2409 1296 2477; x_wconf 85' lang='lat' dir='ltr'><strong>iouut</strong></span> 
     </span>
     <span class='ocr_line' id='line_1_26' title="bbox 158 2493 1336 2593; baseline 0 -32"><span class='ocrx_word' id='word_1_216' title='bbox 158 2496 263 2562; x_wconf 85' lang='lat' dir='ltr'><strong>etiam·</strong></span> <span class='ocrx_word' id='word_1_217' title='bbox 273 2495 503 2578; x_wconf 88' lang='lat' dir='ltr'><strong>mathematici,</strong></span> <span class='ocrx_word' id='word_1_218' title='bbox 540 2498 667 2566; x_wconf 90' lang='lat' dir='ltr'><strong>Venere</strong></span> <span class='ocrx_word' id='word_1_219' title='bbox 697 2497 729 2563; x_wconf 91' lang='lat' dir='ltr'><strong>in</strong></span> <span class='ocrx_word' id='word_1_220' title='bbox 751 2498 883 2585; x_wconf 83' lang='lat' dir='ltr'><strong>Virgine</strong></span> <span class='ocrx_word' id='word_1_221' title='bbox 903 2496 1022 2583; x_wconf 87' lang='lat' dir='ltr'><strong>posita,</strong></span> <span class='ocrx_word' id='word_1_222' title='bbox 1056 2493 1296 2561; x_wconf 86' lang='lat' dir='ltr'><strong>misericordem</strong></span> <span class='ocrx_word' id='word_1_223' title='bbox 1331 2556 1336 2593; x_wconf 48' lang='grc'>1</span> 
     </span>
     <span class='ocr_line' id='line_1_27' title="bbox 157 2578 1336 2682; baseline 0 -35"><span class='ocrx_word' id='word_1_224' title='bbox 157 2581 306 2647; x_wconf 87' lang='lat' dir='ltr'><strong>feminam</strong></span> <span class='ocrx_word' id='word_1_225' title='bbox 327 2583 424 2649; x_wconf 91' lang='lat' dir='ltr'><strong>nasci.</strong></span> <span class='ocrx_word' id='word_1_226' title='bbox 466 2586 570 2671; x_wconf 86' lang='lat' dir='ltr'><strong>Atque</strong></span> <span class='ocrx_word' id='word_1_227' title='bbox 591 2582 665 2648; x_wconf 92' lang='lat' dir='ltr'><strong>ideo</strong></span> <span class='ocrx_word' id='word_1_228' title='bbox 683 2582 834 2671; x_wconf 85' lang='lat' dir='ltr'><strong>Virgilius</strong></span> <span class='ocrx_word' id='word_1_229' title='bbox 855 2583 948 2669; x_wconf 82' lang='lat' dir='ltr'><strong>fingit</strong></span> <span class='ocrx_word' id='word_1_230' title='bbox 976 2580 1008 2646; x_wconf 94' lang='lat' dir='ltr'><strong>in</strong></span> <span class='ocrx_word' id='word_1_231' title='bbox 1031 2578 1145 2646; x_wconf 89' lang='lat' dir='ltr'><strong>habitu</strong></span> <span class='ocrx_word' id='word_1_232' title='bbox 1167 2579 1295 2682; x_wconf 82' lang='lat' dir='ltr'><strong>virginis¹</strong></span> <span class='ocrx_word' id='word_1_233' title='bbox 1323 2594 1336 2681; x_wconf 67' lang='lat'><strong>.&#39;,</strong></span> 
     </span>
     <span class='ocr_line' id='line_1_28' title="bbox 159 2665 1336 2751; baseline 0.001 -19"><span class='ocrx_word' id='word_1_234' title='bbox 159 2666 326 2734; x_wconf 86' lang='lat' dir='ltr'><strong>venatricis</strong></span> <span class='ocrx_word' id='word_1_235' title='bbox 348 2668 506 2735; x_wconf 89' lang='lat' dir='ltr'><strong>Venerem</strong></span> <span class='ocrx_word' id='word_1_236' title='bbox 530 2672 658 2735; x_wconf 87' lang='lat' dir='ltr'><strong>Aeneae</strong></span> <span class='ocrx_word' id='word_1_237' title='bbox 692 2669 881 2736; x_wconf 85' lang='lat' dir='ltr'><strong>occurrisse.</strong></span> <span class='ocrx_word' id='word_1_238' title='bbox 933 2667 1044 2742; x_wconf 82' lang='lat' dir='ltr'><strong>Quare</strong></span> <span class='ocrx_word' id='word_1_239' title='bbox 1064 2676 1097 2730; x_wconf 93' lang='lat' dir='ltr'><strong>et</strong></span> <span class='ocrx_word' id='word_1_240' title='bbox 1118 2665 1336 2751; x_wconf 64' lang='lat' dir='ltr'><strong>misericor-&#39;ji</strong></span> 
     </span>
     <span class='ocr_line' id='line_1_29' title="bbox 52 2750 1295 2854; baseline 0 -37"><span class='ocrx_word' id='word_1_241' title='bbox 52 2828 55 2833; x_wconf 22' lang='lat'><strong><em>¹</em></strong></span> <span class='ocrx_word' id='word_1_242' title='bbox 158 2751 233 2818; x_wconf 91' lang='lat' dir='ltr'><strong>dem</strong></span> <span class='ocrx_word' id='word_1_243' title='bbox 251 2763 368 2854; x_wconf 89' lang='lat' dir='ltr'><strong>postea</strong></span> <span class='ocrx_word' id='word_1_244' title='bbox 388 2755 535 2841; x_wconf 81' lang='lat' dir='ltr'><strong>reginam</strong></span> <span class='ocrx_word' id='word_1_245' title='bbox 566 2763 716 2841; x_wconf 82' lang='lat' dir='ltr'><strong>expertus</strong></span> <span class='ocrx_word' id='word_1_246' title='bbox 745 2765 812 2834; x_wconf 92' lang='lat' dir='ltr'><strong>est,</strong></span> <span class='ocrx_word' id='word_1_247' title='bbox 846 2763 879 2820; x_wconf 90' lang='lat' dir='ltr'><strong>et</strong></span> <span class='ocrx_word' id='word_1_248' title='bbox 903 2753 936 2819; x_wconf 93' lang='lat' dir='ltr'><strong>in</strong></span> <span class='ocrx_word' id='word_1_249' title='bbox 966 2750 1134 2818; x_wconf 85' lang='lat' dir='ltr'><strong>venatione</strong></span> <span class='ocrx_word' id='word_1_250' title='bbox 1161 2773 1237 2817; x_wconf 90' lang='lat' dir='ltr'><strong>oum</strong></span> <span class='ocrx_word' id='word_1_251' title='bbox 1258 2772 1295 2817; x_wconf 86' lang='lat' dir='ltr'><strong>ea</strong></span> 
     </span>
    </p>

    <p class='ocr_par' dir='ltr' id='par_1_8' title="bbox 117 2835 1336 3279">
     <span class='ocr_line' id='line_1_30' title="bbox 117 2835 1336 2928; baseline 0.001 -27"><span class='ocrx_word' id='word_1_252' title='bbox 117 2852 154 2901; x_wconf 76' lang='lat' dir='ltr'><strong>au</strong></span> <span class='ocrx_word' id='word_1_253' title='bbox 184 2849 344 2905; x_wconf 84' lang='lat' dir='ltr'><strong>ermrxtus.</strong></span> <span class='ocrx_word' id='word_1_254' title='bbox 396 2839 482 2906; x_wconf 90' lang='lat' dir='ltr'><strong>Nam</strong></span> <span class='ocrx_word' id='word_1_255' title='bbox 504 2840 591 2928; x_wconf 91' lang='lat' dir='ltr'><strong>quod</strong></span> <span class='ocrx_word' id='word_1_256' title='bbox 614 2840 665 2904; x_wconf 91' lang='lat' dir='ltr'><strong>ubi</strong></span> <span class='ocrx_word' id='word_1_257' title='bbox 689 2863 732 2906; x_wconf 91' lang='lat' dir='ltr'><strong>ne</strong></span> <span class='ocrx_word' id='word_1_258' title='bbox 751 2840 781 2905; x_wconf 92' lang='lat' dir='ltr'><strong>ei</strong></span> <span class='ocrx_word' id='word_1_259' title='bbox 802 2839 949 2906; x_wconf 88' lang='lat' dir='ltr'><strong>comitem</strong></span> <span class='ocrx_word' id='word_1_260' title='bbox 972 2837 1029 2905; x_wconf 93' lang='lat' dir='ltr'><strong>dat</strong></span> <span class='ocrx_word' id='word_1_261' title='bbox 1048 2835 1224 2916; x_wconf 90' lang='lat' dir='ltr'><strong>Achatem,</strong></span> <span class='ocrx_word' id='word_1_262' title='bbox 1254 2838 1294 2902; x_wconf 90' lang='lat' dir='ltr'><strong>ob</strong></span> <span class='ocrx_word' id='word_1_263' title='bbox 1328 2876 1336 2925; x_wconf 74' lang='lat'><strong>3,</strong></span> 
     </span>
     <span class='ocr_line' id='line_1_31' title="bbox 159 2861 1336 3018; baseline -0.003 -28"><span class='ocrx_word' id='word_1_264' title='bbox 159 2861 222 2990; x_wconf 80' lang='lat' dir='ltr'><strong>lioc</strong></span> <span class='ocrx_word' id='word_1_265' title='bbox 244 2923 462 3010; x_wconf 88' lang='lat' dir='ltr'><strong>excogitatum</strong></span> <span class='ocrx_word' id='word_1_266' title='bbox 497 2934 564 3005; x_wconf 89' lang='lat' dir='ltr'><strong>est,</strong></span> <span class='ocrx_word' id='word_1_267' title='bbox 598 2862 688 3012; x_wconf 87' lang='lat' dir='ltr'><strong>quod</strong></span> <span class='ocrx_word' id='word_1_268' title='bbox 717 2919 796 3018; x_wconf 76' lang='grc' dir='ltr'><strong><em>ἄχος</em></strong></span> <span class='ocrx_word' id='word_1_269' title='bbox 828 2923 1028 2988; x_wconf 80' lang='lat' dir='ltr'><strong>sollicitudo</strong></span> <span class='ocrx_word' id='word_1_270' title='bbox 1059 2921 1295 3010; x_wconf 88' lang='lat' dir='ltr'><strong>interpretatur,</strong></span> <span class='ocrx_word' id='word_1_271' title='bbox 1327 2930 1336 3009; x_wconf 73' lang='lat' dir='ltr'><strong>&#39;J</strong></span> 
     </span>
     <span class='ocr_line' id='line_1_32' title="bbox 182 3006 1336 3097; baseline -0.003 -22"><span class='ocrx_word' id='word_1_272' title='bbox 182 3031 244 3075; x_wconf 90' lang='lat' dir='ltr'><strong>uae</strong></span> <span class='ocrx_word' id='word_1_273' title='bbox 265 3030 381 3096; x_wconf 83' lang='lat' dir='ltr'><strong>regum</strong></span> <span class='ocrx_word' id='word_1_274' title='bbox 403 3032 530 3097; x_wconf 91' lang='lat' dir='ltr'><strong>semper</strong></span> <span class='ocrx_word' id='word_1_275' title='bbox 552 3033 661 3076; x_wconf 90' lang='lat' dir='ltr'><strong>comes</strong></span> <span class='ocrx_word' id='word_1_276' title='bbox 684 3019 751 3093; x_wconf 89' lang='lat' dir='ltr'><strong>est;</strong></span> <span class='ocrx_word' id='word_1_277' title='bbox 785 3006 961 3096; x_wconf 79' lang='lat' dir='ltr'><strong>sive&#39;quod</strong></span> <span class='ocrx_word' id='word_1_278' title='bbox 982 3006 1129 3073; x_wconf 89' lang='lat' dir='ltr'><strong>omnibus</strong></span> <span class='ocrx_word' id='word_1_279' title='bbox 1156 3006 1295 3073; x_wconf 85' lang='lat' dir='ltr'><strong>amabilis</strong></span> <span class='ocrx_word' id='word_1_280' title='bbox 1312 3014 1336 3071; x_wconf 66' lang='lat' dir='ltr'><strong>-i-</strong></span> 
     </span>
     <span class='ocr_line' id='line_1_33' title="bbox 159 3033 1336 3181; baseline 0.001 -23"><span class='ocrx_word' id='word_1_281' title='bbox 159 3033 273 3174; x_wconf 79' lang='lat' dir='ltr'><strong>lherit3</strong></span> <span class='ocrx_word' id='word_1_282' title='bbox 305 3094 413 3162; x_wconf 86' lang='lat' dir='ltr'><strong>scribit</strong></span> <span class='ocrx_word' id='word_1_283' title='bbox 442 3095 525 3161; x_wconf 87' lang='lat' dir='ltr'><strong>enim</strong></span> <span class='ocrx_word' id='word_1_284' title='bbox 553 3096 596 3161; x_wconf 92' lang='lat' dir='ltr'><strong>de</strong></span> <span class='ocrx_word' id='word_1_285' title='bbox 618 3095 733 3162; x_wconf 86' lang='lat' dir='ltr'><strong>achate</strong></span> <span class='ocrx_word' id='word_1_286' title='bbox 754 3095 894 3174; x_wconf 86' lang='lat' dir='ltr'><strong>Plinius,</strong></span> <span class='ocrx_word' id='word_1_287' title='bbox 931 3090 1019 3180; x_wconf 86' lang='lat' dir='ltr'><strong>quod</strong></span> <span class='ocrx_word' id='word_1_288' title='bbox 1054 3093 1078 3158; x_wconf 85' lang='lat' dir='ltr'><strong>si</strong></span> <span class='ocrx_word' id='word_1_289' title='bbox 1107 3092 1181 3181; x_wconf 85' lang='lat' dir='ltr'><strong>quis</strong></span> <span class='ocrx_word' id='word_1_290' title='bbox 1213 3094 1296 3159; x_wconf 87' lang='lat' dir='ltr'><strong>hunc</strong></span> <span class='ocrx_word' id='word_1_291' title='bbox 1311 3104 1336 3175; x_wconf 62' lang='lat' dir='ltr'><strong>,t</strong></span> 
     </span>
     <span class='ocr_line' id='line_1_34' title="bbox 158 3177 1336 3279; baseline -0.001 -35"><span class='ocrx_word' id='word_1_292' title='bbox 158 3179 295 3268; x_wconf 89' lang='lat' dir='ltr'><strong>lapidem</strong></span> <span class='ocrx_word' id='word_1_293' title='bbox 310 3180 342 3245; x_wconf 93' lang='lat' dir='ltr'><strong>in</strong></span> <span class='ocrx_word' id='word_1_294' title='bbox 363 3180 458 3261; x_wconf 91' lang='lat' dir='ltr'><strong>anulo</strong></span> <span class='ocrx_word' id='word_1_295' title='bbox 484 3181 649 3263; x_wconf 91' lang='lat' dir='ltr'><strong>habuerit,</strong></span> <span class='ocrx_word' id='word_1_296' title='bbox 669 3182 794 3268; x_wconf 88' lang='lat' dir='ltr'><strong>gratior</strong></span> <span class='ocrx_word' id='word_1_297' title='bbox 817 3190 882 3257; x_wconf 79' lang='lat' dir='ltr'><strong>est;</strong></span> <span class='ocrx_word' id='word_1_298' title='bbox 915 3178 1000 3258; x_wconf 86' lang='lat' dir='ltr'><strong>sive,</strong></span> <span class='ocrx_word' id='word_1_299' title='bbox 1029 3188 1066 3245; x_wconf 93' lang='lat' dir='ltr'><strong>ut</strong></span> <span class='ocrx_word' id='word_1_300' title='bbox 1086 3178 1131 3243; x_wconf 92' lang='lat' dir='ltr'><strong>ait</strong></span> <span class='ocrx_word' id='word_1_301' title='bbox 1153 3177 1336 3279; x_wconf 63' lang='lat' dir='ltr'><strong>Fuigen}t</strong></span> 
     </span>
    </p>

    <p class='ocr_par' dir='ltr' id='par_1_9' title="bbox 118 3252 1336 3347">
     <span class='ocr_line' id='line_1_35' title="bbox 118 3252 1336 3347; baseline -0.003 -18"><span class='ocrx_word' id='word_1_302' title='bbox 118 3266 241 3347; x_wconf 79' lang='lat' dir='ltr'><strong>attius,</strong></span> <span class='ocrx_word' id='word_1_303' title='bbox 276 3265 409 3333; x_wconf 89' lang='lat' dir='ltr'><strong>achates</strong></span> <span class='ocrx_word' id='word_1_304' title='bbox 434 3266 580 3334; x_wconf 88' lang='lat' dir='ltr'><strong>tristitiae</strong></span> <span class='ocrx_word' id='word_1_305' title='bbox 601 3267 801 3334; x_wconf 90' lang='lat' dir='ltr'><strong>consuetudo</strong></span> <span class='ocrx_word' id='word_1_306' title='bbox 822 3264 957 3347; x_wconf 88' lang='lat' dir='ltr'><strong>dicitur;</strong></span> <span class='ocrx_word' id='word_1_307' title='bbox 993 3264 1033 3332; x_wconf 89' lang='lat' dir='ltr'><strong>ab</strong></span> <span class='ocrx_word' id='word_1_308' title='bbox 1054 3263 1190 3330; x_wconf 83' lang='lat' dir='ltr'><strong>infantia</strong></span> <span class='ocrx_word' id='word_1_309' title='bbox 1215 3263 1295 3331; x_wconf 88' lang='lat' dir='ltr'><strong>enim</strong></span> <span class='ocrx_word' id='word_1_310' title='bbox 1322 3252 1336 3325; x_wconf 78' lang='lat' dir='ltr'><strong>h</strong></span> 
     </span>
    </p>

    <p class='ocr_par' dir='ltr' id='par_1_10' title="bbox 68 3316 1336 3588">
     <span class='ocr_line' id='line_1_36' title="bbox 68 3316 1336 3440; baseline 0.002 -21"><span class='ocrx_word' id='word_1_311' title='bbox 68 3388 70 3394; x_wconf 95' lang='lat'>·</span> <span class='ocrx_word' id='word_1_312' title='bbox 158 3351 317 3419; x_wconf 88' lang='lat' dir='ltr'><strong>aerumnis</strong></span> <span class='ocrx_word' id='word_1_313' title='bbox 337 3352 508 3440; x_wconf 86' lang='lat' dir='ltr'><strong>conjuncta</strong></span> <span class='ocrx_word' id='word_1_314' title='bbox 529 3363 578 3420; x_wconf 86' lang='lat' dir='ltr'><strong>est</strong></span> <span class='ocrx_word' id='word_1_315' title='bbox 598 3352 735 3419; x_wconf 90' lang='lat' dir='ltr'><strong>humana</strong></span> <span class='ocrx_word' id='word_1_316' title='bbox 756 3363 877 3417; x_wconf 86' lang='lat' dir='ltr'><strong>natura.</strong></span> <span class='ocrx_word' id='word_1_317' title='bbox 1178 3398 1187 3421; x_wconf 46' lang='grc' dir='ltr'><em>Ι</em></span> <span class='ocrx_word' id='word_1_318' title='bbox 1308 3316 1336 3421; x_wconf 63' lang='lat' dir='ltr'><strong>,d</strong></span> 
     </span>
     <span class='ocr_line' id='line_1_37' title="bbox 242 3434 1326 3588; baseline -0.005 -85"><span class='ocrx_word' id='word_1_319' title='bbox 242 3438 273 3503; x_wconf 83' lang='lat'><strong>5.</strong></span> <span class='ocrx_word' id='word_1_320' title='bbox 315 3436 378 3504; x_wconf 86' lang='lat' dir='ltr'><strong>Est</strong></span> <span class='ocrx_word' id='word_1_321' title='bbox 398 3449 431 3504; x_wconf 89' lang='lat' dir='ltr'><strong>et</strong></span> <span class='ocrx_word' id='word_1_322' title='bbox 451 3438 635 3523; x_wconf 83' lang='lat' dir='ltr'><strong>theologica</strong></span> <span class='ocrx_word' id='word_1_323' title='bbox 655 3434 855 3588; x_wconf 43' lang='lat' dir='ltr'><strong>ratio,1¹puod</strong></span> <span class='ocrx_word' id='word_1_324' title='bbox 876 3435 1063 3522; x_wconf 90' lang='lat' dir='ltr'><strong>ignorantes</strong></span> <span class='ocrx_word' id='word_1_325' title='bbox 1086 3453 1182 3499; x_wconf 88' lang='lat' dir='ltr'><strong>usum</strong></span> <span class='ocrx_word' id='word_1_326' title='bbox 1203 3436 1326 3499; x_wconf 67' lang='lat' dir='ltr'><strong>venel·</strong></span> 
     </span>
    </p>

    <p class='ocr_par' dir='ltr' id='par_1_11' title="bbox 143 3515 1322 3698">
     <span class='ocr_line' id='line_1_38' title="bbox 143 3515 1305 3590; baseline -0.003 -2"><span class='ocrx_word' id='word_1_327' title='bbox 143 3524 237 3590; x_wconf 77' lang='lat' dir='ltr'><strong>&#39;rium</strong></span> <span class='ocrx_word' id='word_1_328' title='bbox 259 3522 387 3588; x_wconf 89' lang='lat' dir='ltr'><strong>numina</strong></span> <span class='ocrx_word' id='word_1_329' title='bbox 408 3522 516 3589; x_wconf 82' lang='lat' dir='ltr'><strong>videro</strong></span> <span class='ocrx_word' id='word_1_330' title='bbox 546 3524 704 3590; x_wconf 89' lang='lat' dir='ltr'><strong>dicuntur.</strong></span> <span class='ocrx_word' id='word_1_331' title='bbox 791 3520 854 3587; x_wconf 93' lang='lat' dir='ltr'><strong>nde</strong></span> <span class='ocrx_word' id='word_1_332' title='bbox 889 3520 1002 3585; x_wconf 90' lang='lat' dir='ltr'><strong>merito</strong></span> <span class='ocrx_word' id='word_1_333' title='bbox 1027 3515 1114 3583; x_wconf 85' lang='lat' dir='ltr'><strong>idern</strong></span> <span class='ocrx_word' id='word_1_334' title='bbox 1145 3518 1185 3584; x_wconf 93' lang='lat' dir='ltr'><strong>Vi</strong></span> <span class='ocrx_word' id='word_1_335' title='bbox 1228 3518 1305 3585; x_wconf 72' lang='lat' dir='ltr'><strong>’lius</strong></span> 
     </span>
     <span class='ocr_line' id='line_1_39' title="bbox 156 3598 1322 3698; baseline -0.003 -25"><span class='ocrx_word' id='word_1_336' title='bbox 156 3607 367 3688; x_wconf 88' lang='lat' dir='ltr'><strong>insecundo,</strong></span> <span class='ocrx_word' id='word_1_337' title='bbox 400 3609 526 3676; x_wconf 88' lang='lat' dir='ltr'><strong>Venere</strong></span> <span class='ocrx_word' id='word_1_338' title='bbox 552 3633 588 3676; x_wconf 90' lang='lat' dir='ltr'><strong>se</strong></span> <span class='ocrx_word' id='word_1_339' title='bbox 608 3610 641 3674; x_wconf 92' lang='lat' dir='ltr'><strong>in</strong></span> <span class='ocrx_word' id='word_1_340' title='bbox 663 3607 771 3698; x_wconf 87' lang='lat' dir='ltr'><strong>spissis</strong></span> <span class='ocrx_word' id='word_1_341' title='bbox 792 3606 912 3674; x_wconf 87' lang='lat' dir='ltr'><strong>umbris</strong></span> <span class='ocrx_word' id='word_1_342' title='bbox 943 3603 1046 3671; x_wconf 85' lang='lat' dir='ltr'><strong>noctis</strong></span> <span class='ocrx_word' id='word_1_343' title='bbox 1075 3603 1189 3669; x_wconf 86' lang='lat' dir='ltr'><strong>conclu</strong></span> <span class='ocrx_word' id='word_1_344' title='bbox 1213 3598 1322 3683; x_wconf 65' lang='lat' dir='ltr'><strong>antes</strong></span> 
     </span>
    </p>

    <p class='ocr_par' dir='ltr' id='par_1_12' title="bbox 116 3689 1322 3862">
     <span class='ocr_line' id='line_1_40' title="bbox 116 3689 1322 3781; baseline -0.002 -25"><span class='ocrx_word' id='word_1_345' title='bbox 116 3696 299 3761; x_wconf 76' lang='lat' dir='ltr'><strong>tcAeneam</strong></span> <span class='ocrx_word' id='word_1_346' title='bbox 320 3693 399 3758; x_wconf 88' lang='lat' dir='ltr'><strong>deos</strong></span> <span class='ocrx_word' id='word_1_347' title='bbox 422 3693 536 3761; x_wconf 87' lang='lat' dir='ltr'><strong>vidisse</strong></span> <span class='ocrx_word' id='word_1_348' title='bbox 558 3702 796 3760; x_wconf 89' lang='lat' dir='ltr'><strong>commemorat.</strong></span> <span class='ocrx_word' id='word_1_349' title='bbox 840 3689 940 3766; x_wconf 82' lang='lat' dir='ltr'><strong>Quod</strong></span> <span class='ocrx_word' id='word_1_350' title='bbox 968 3700 1076 3756; x_wconf 89' lang='lat' dir='ltr'><strong>autem</strong></span> <span class='ocrx_word' id='word_1_351' title='bbox 1097 3701 1172 3778; x_wconf 90' lang='lat' dir='ltr'><strong>post</strong></span> <span class='ocrx_word' id='word_1_352' title='bbox 1194 3689 1295 3754; x_wconf 87' lang='lat' dir='ltr'><strong>Veno-</strong></span> <span class='ocrx_word' id='word_1_353' title='bbox 1308 3720 1322 3781; x_wconf 62' lang='lat'>3</span> 
     </span>
     <span class='ocr_line' id='line_1_41' title="bbox 157 3774 1315 3862; baseline -0.003 -18"><span class='ocrx_word' id='word_1_354' title='bbox 157 3779 201 3845; x_wconf 91' lang='lat' dir='ltr'><strong>ris</strong></span> <span class='ocrx_word' id='word_1_355' title='bbox 223 3781 407 3845; x_wconf 89' lang='lat' dir='ltr'><strong>abscessum</strong></span> <span class='ocrx_word' id='word_1_356' title='bbox 428 3779 514 3846; x_wconf 91' lang='lat' dir='ltr'><strong>diras</strong></span> <span class='ocrx_word' id='word_1_357' title='bbox 537 3780 581 3848; x_wconf 86' lang='lat' dir='ltr'><strong>ait</strong></span> <span class='ocrx_word' id='word_1_358' title='bbox 601 3779 699 3846; x_wconf 85' lang='lat' dir='ltr'><strong>facies</strong></span> <span class='ocrx_word' id='word_1_359' title='bbox 722 3791 755 3844; x_wconf 87' lang='lat' dir='ltr'><strong>et</strong></span> <span class='ocrx_word' id='word_1_360' title='bbox 784 3779 911 3844; x_wconf 89' lang='lat' dir='ltr'><strong>numina</strong></span> <span class='ocrx_word' id='word_1_361' title='bbox 939 3774 1066 3841; x_wconf 91' lang='lat' dir='ltr'><strong>inimica</strong></span> <span class='ocrx_word' id='word_1_362' title='bbox 1099 3774 1315 3862; x_wconf 66' lang='lat' dir='ltr'><strong>apparuisse·</strong></span> 
     </span>
    </p>

    <p class='ocr_par' dir='ltr' id='par_1_13' title="bbox 72 3858 1295 3957">
     <span class='ocr_line' id='line_1_42' title="bbox 72 3858 1295 3957; baseline -0.002 -27"><span class='ocrx_word' id='word_1_363' title='bbox 72 3874 76 3957; x_wconf 69' lang='lat' dir='ltr'><strong>t</strong></span> <span class='ocrx_word' id='word_1_364' title='bbox 156 3863 191 3930; x_wconf 92' lang='lat' dir='ltr'><strong>id</strong></span> <span class='ocrx_word' id='word_1_365' title='bbox 213 3863 389 3930; x_wconf 91' lang='lat' dir='ltr'><strong>secundum</strong></span> <span class='ocrx_word' id='word_1_366' title='bbox 419 3865 574 3932; x_wconf 89' lang='lat' dir='ltr'><strong>mathesin</strong></span> <span class='ocrx_word' id='word_1_367' title='bbox 609 3865 819 3953; x_wconf 86' lang='lat' dir='ltr'><strong>compositum</strong></span> <span class='ocrx_word' id='word_1_368' title='bbox 853 3862 987 3930; x_wconf 80' lang='lat' dir='ltr'><strong>videtur.</strong></span> <span class='ocrx_word' id='word_1_369' title='bbox 1042 3859 1178 3927; x_wconf 90' lang='lat' dir='ltr'><strong>Veneris</strong></span> <span class='ocrx_word' id='word_1_370' title='bbox 1215 3858 1295 3927; x_wconf 82' lang='lat' dir='ltr'><strong>enim</strong></span> 
     </span>
    </p>

    <p class='ocr_par' dir='ltr' id='par_1_14' title="bbox 74 3942 1326 4129">
     <span class='ocr_line' id='line_1_43' title="bbox 157 3942 1313 4049; baseline -0.003 -35.268"><span class='ocrx_word' id='word_1_371' title='bbox 157 3959 342 4039; x_wconf 89' lang='lat' dir='ltr'><strong>praesentes</strong></span> <span class='ocrx_word' id='word_1_372' title='bbox 364 3947 443 4016; x_wconf 90' lang='lat' dir='ltr'><strong>radii</strong></span> <span class='ocrx_word' id='word_1_373' title='bbox 474 3951 719 4020; x_wconf 79' lang='lat' dir='ltr'><strong>intervenientes</strong></span> <span class='ocrx_word' id='word_1_374' title='bbox 740 3949 937 4029; x_wconf 89' lang='lat' dir='ltr'><strong>aneroticos,</strong></span> <span class='ocrx_word' id='word_1_375' title='bbox 967 3944 1002 4013; x_wconf 91' lang='lat' dir='ltr'><strong>id</strong></span> <span class='ocrx_word' id='word_1_376' title='bbox 1023 3953 1074 4012; x_wconf 87' lang='lat' dir='ltr'><strong>ost</strong></span> <span class='ocrx_word' id='word_1_377' title='bbox 1095 3945 1208 4012; x_wconf 79' lang='lat' dir='ltr'><strong>noxios</strong></span> <span class='ocrx_word' id='word_1_378' title='bbox 1229 3942 1313 4049; x_wconf 47' lang='grc' dir='ltr'><strong>ματ,</strong></span> 
     </span>
     <span class='ocr_line' id='line_1_44' title="bbox 157 4033 1326 4129; baseline -0.004 -29"><span class='ocrx_word' id='word_1_379' title='bbox 157 4046 249 4102; x_wconf 92' lang='lat' dir='ltr'><strong>netas</strong></span> <span class='ocrx_word' id='word_1_380' title='bbox 289 4046 488 4120; x_wconf 89' lang='lat' dir='ltr'><strong>temperant,</strong></span> <span class='ocrx_word' id='word_1_381' title='bbox 530 4037 671 4113; x_wconf 62' lang='lat' dir='ltr'><strong>‚Martem</strong></span> <span class='ocrx_word' id='word_1_382' title='bbox 707 4034 854 4129; x_wconf 74' lang='lat' dir='ltr'><strong>videlicet</strong></span> <span class='ocrx_word' id='word_1_383' title='bbox 884 4046 918 4100; x_wconf 92' lang='lat' dir='ltr'><strong>et</strong></span> <span class='ocrx_word' id='word_1_384' title='bbox 955 4033 1149 4111; x_wconf 82' lang='lat' dir='ltr'><strong>Saturnum,</strong></span> <span class='ocrx_word' id='word_1_385' title='bbox 1186 4053 1241 4118; x_wconf 84' lang='lat' dir='ltr'><strong>qur</strong></span> <span class='ocrx_word' id='word_1_386' title='bbox 1268 4044 1326 4095; x_wconf 56' lang='lat' dir='ltr'><strong>ua-</strong></span> 
     </span>
    </p>

    <p class='ocr_par' dir='ltr' id='par_1_15' title="bbox 115 4114 1336 4359">
     <span class='ocr_line' id='line_1_45' title="bbox 115 4114 1323 4210; baseline -0.005 -21"><span class='ocrx_word' id='word_1_387' title='bbox 115 4136 150 4189; x_wconf 80' lang='lat' dir='ltr'><strong>tc</strong></span> <span class='ocrx_word' id='word_1_388' title='bbox 158 4131 264 4188; x_wconf 90' lang='lat' dir='ltr'><strong>ortum</strong></span> <span class='ocrx_word' id='word_1_389' title='bbox 285 4120 454 4206; x_wconf 80' lang='lat' dir='ltr'><strong>geniturae</strong></span> <span class='ocrx_word' id='word_1_390' title='bbox 475 4120 572 4191; x_wconf 87' lang='lat' dir='ltr'><strong>radiis</strong></span> <span class='ocrx_word' id='word_1_391' title='bbox 594 4121 862 4210; x_wconf 82' lang='lat' dir='ltr'><strong>suppulsarerint,</strong></span> <span class='ocrx_word' id='word_1_392' title='bbox 889 4121 973 4187; x_wconf 84' lang='lat' dir='ltr'><strong>vitae</strong></span> <span class='ocrx_word' id='word_1_393' title='bbox 993 4117 1149 4184; x_wconf 91' lang='lat' dir='ltr'><strong>rationem</strong></span> <span class='ocrx_word' id='word_1_394' title='bbox 1170 4114 1293 4184; x_wconf 86' lang='lat' dir='ltr'><strong>interci·</strong></span> <span class='ocrx_word' id='word_1_395' title='bbox 1307 4120 1323 4161; x_wconf 71' lang='lat'><strong>··*</strong></span> 
     </span>
     <span class='ocr_line' id='line_1_46' title="bbox 152 4206 1336 4283; baseline 0 -10"><span class='ocrx_word' id='word_1_396' title='bbox 152 4207 235 4275; x_wconf 84' lang='lat' dir='ltr'><strong>dere</strong></span> <span class='ocrx_word' id='word_1_397' title='bbox 252 4206 470 4277; x_wconf 87' lang='lat' dir='ltr'><strong>aestimantur.</strong></span> <span class='ocrx_word' id='word_1_398' title='bbox 512 4206 610 4278; x_wconf 90' lang='lat' dir='ltr'><strong>Unde</strong></span> <span class='ocrx_word' id='word_1_399' title='bbox 642 4218 708 4276; x_wconf 83' lang='lat' dir='ltr'><strong>est:</strong></span> <span class='ocrx_word' id='word_1_400' title='bbox 1306 4210 1336 4283; x_wconf 80' lang='lat' dir='ltr'><strong>&#39;l</strong></span> 
     </span>
     <span class='ocr_line' id='line_1_47' title="bbox 1330 4320 1336 4359; baseline 0 0"><span class='ocrx_word' id='word_1_401' title='bbox 1330 4320 1336 4359; x_wconf 86' lang='lat' dir='ltr'><strong>l</strong></span> 
     </span>
    </p>
   </div>
   <div class='ocr_carea' id='block_1_2' title="bbox 163 104 1031 297">
    <p class='ocr_par' dir='ltr' id='par_1_16' title="bbox 163 39 1336 1895">
     <span class='ocr_line' id='line_1_48' title="bbox 163 104 1031 297; baseline 0.005 -50"><span class='ocrx_word' id='word_1_402' title='bbox 163 153 255 251; x_wconf 76' lang='lat' dir='ltr'><strong>aso</strong></span> <span class='ocrx_word' id='word_1_403' title='bbox 422 113 604 297; x_wconf 64' lang='lat' dir='ltr'><strong>uynogr.</strong></span> <span class='ocrx_word' id='word_1_404' title='bbox 640 104 713 255; x_wconf 78' lang='lat' dir='ltr'><strong>nr.</strong></span> <span class='ocrx_word' id='word_1_405' title='bbox 767 176 829 256; x_wconf 83' lang='lat' dir='ltr'><strong>ar.</strong></span> <span class='ocrx_word' id='word_1_406' title='bbox 883 176 1031 265; x_wconf 76' lang='lat' dir='ltr'><strong>4-ss</strong></span> 
     </span>
    </p>
   </div>
   <div class='ocr_carea' id='block_1_3' title="bbox 0 0 1346 4606">
    <p class='ocr_par' dir='ltr' id='par_1_17' title="bbox 0 0 1346 4606">
     <span class='ocr_line' id='line_1_49' title="bbox 0 0 1346 4606; baseline 0 0"><span class='ocrx_word' id='word_1_407' title='bbox 0 0 1346 4606; x_wconf 95' lang='lat' dir='ltr'><strong> </strong></span> 
     </span>
    </p>
   </div>
  </div>
 </body>
</html>
