2692 4606
195 280 201 295 Ι
309 130 526 263 ‚mynias
556 160 628 236 m.
684 124 748 235 ra.
803 158 1016 284 r-a,
1133 160 1218 249 ssa

82 375 157 417 eam
180 347 221 415 ad
245 359 376 438 puteum
399 347 497 415 duxit.
541 346 688 433 Erigone
707 371 803 437 quum
827 347 880 416 diu
903 348 944 415 nd
961 357 1090 438 putenm
1111 351 1215 434 fleret,

80 436 214 504 tandem
254 459 327 503 cum
363 432 507 505 canicula
539 433 691 500 translata
724 447 773 502 est
801 436 833 501 in
863 435 1001 514 caelum,
1041 449 1074 503 et
1103 459 1143 502 ex
1176 461 1215 506 ea

83 525 207 590 factum
247 533 296 591 est
334 520 460 606 signum
488 518 576 604 quod
594 522 597 537 '
613 517 729 585 dicitur
771 522 890 607 Virgo,
930 534 963 589 et
999 541 1037 586 ex
1074 523 1224 592 canicula¹
1322 574 1325 579 »

85 620 211 675 astrum
232 606 422 694 principale,
458 603 544 690 quod
574 615 624 668 est
650 605 741 692 juxta
762 607 958 692 Virginemp
981 605 1013 671 in
1034 628 1097 694 quo
1115 630 1211 695 quum

83 694 136 762 sol
155 705 220 769 est,
243 692 391 759 dicuntur
413 688 481 754 dies
504 689 720 770 caniculares,
745 690 854 757 fervidi
875 703 908 758 et
928 682 1000 765 mali
1020 692 1062 758 ad
1083 693 1236 771 modum5

85 778 262 845 caniculae.
317 776 373 842 801
404 775 520 840 dicitur
557 796 628 840 esse
647 774 686 845 in
718 777 867 862 Virgine,
910 780 983 865 qnia
1012 779 1095 846 sicut
1120 781 1211 866 virgo

85 865 222 945 sterilis-3
241 862 289 929 sic
309 884 405 949 quum
428 859 638 927 soldecurrit
657 883 715 947 per
734 861 809 928 illud
831 863 976 950 signum,
1006 874 1092 930 terra
1119 868 1213 931 steri·
1237 861 1267 901 '¹

87 952 125 1018 lis
146 960 196 1017 est
216 959 251 1022 ct
271 946 379 1028 arida3
401 969 472 1010 nam
495 955 626 1032 propter
647 947 721 1015 solis
744 948 941 1033 adustionem
965 946 1149 1038 nihil'parit
1173 980 1176 985 ·

173 1039 205 1126 7ἶ
247 1034 285 1098 ln
303 1032 390 1099 ‚bello
411 1032 570 1096 Thebano
603 1031 710 1099 Pallas
741 1056 813 1100 cum
843 1028 1032 1123 quibusdam
1060 1036 1126 1102 aliis
1154 1035 1212 1102 diis

87 1121 216 1187 favebat
238 1119 389 1198 Graccis3
422 1117 589 1194 Baochris,
617 1119 697 1204 cuia
719 1118 894 1188 Thebanus
923 1133 1008 1201 erat,
1045 1143 1116 1193 cum
1138 1123 1211 1209 qui·
1221 1140 1263 1196 10·

87 1204 225 1272 busdam
249 1203 314 1280 aliis
337 1203 395 1268 diis
417 1202 544 1268 lavabat
572 1200 746 1271 Thebanis·
800 1205 897 1272 Unde
925 1205 1114 1274 inter'deos
1141 1219 1213 1275 orta

87 1304 139 1359 est
158 1289 335 1368 discordia,
365 1287 492 1377 quinam
514 1285 669 1354 deberent
690 1290 850 1358 victoriam
871 1291 1034 1359 obtinere.¹
1067 1293 1213 1381 Juppiter
1256 1316 1261 1325 “

86 1378 153 1443 huc
174 1376 282 1443 videns
304 1371 386 1441 sedit
406 1374 436 1438 in
457 1373 619 1441 Parnasso
649 1385 774 1456 monte,
807 1378 860 1464 qni
889 1389 938 1444 est
953 1377 1044 1466 juxta
1070 1379 1213 1456 Thebas,
1296 1392 1299 1402 ·

86 1472 219 1530 auream
240 1461 350 1531 libram
373 1471 485 1543 tenens
516 1458 547 1523 iu
581 1480 694 1539 manu,
725 1471 762 1527 ut
792 1462 835 1528 de
863 1469 998 1552 utraque
1024 1461 1214 1530 deliberaret
1285 1483 1302 1501 ⁹

85 1561 190 1637 parte.
230 1545 409 1614 aderitum
429 1556 535 1610 autem
551 1543 621 1609 belli
640 1546 710 1632 ipse
727 1545 802 1615 vidit
816 1549 947 1636 aequale
963 1570 1033 1613 osse
1049 1547 1213 1634 judicium.
1221 1547 1255 1614 10

87 1632 158 1701 Sed
179 1630 315 1700 mox‘ad
336 1631 524 1696 Thebanam
544 1626 792 1697 destructionem
809 1635 954 1701 Graecos
976 1634 1095 1697 babere
1116 1633 1214 1700 victo·

87 1720 172 1785 riam
201 1717 396 1806 percipiens,
430 1714 606 1795 Thebanos
640 1715 846 1805 dejudicavit,
883 1722 1029 1786 Graecos
1059 1711 1261 1785 0110110011(κ
1297 1754 1300 1759 <

87 1805 188 1871 Unde
209 1801 454 1893 admemoriam
475 1801 565 1868 istius
588 1799 635 1866 rei
654 1800 734 1868 libra
763 1803 869 1870 delata
889 1816 939 1872 est
958 1796 996 1869 id
1012 1803 1152 1885 caelum,
1182 1816 1215 1871 et
1244 1873 1248 1880 ,
1330 1837 1342 1861 n

86 1913 128 1957 ex
147 1913 188 1955 ea
209 1888 328 1967 factum
358 1886 486 1972 signum
512 1885 660 1953 caeleste.
689 1924 731 1937 -
774 1888 880 1964 Aliter.
930 1889 1037 1956 Libra
1058 1890 1144 1956 laeta
1166 1899 1230 1955 est·

87 1976 131 2041 de
153 1970 291 2041 brachiis
312 1972 505 2059 scorpiacis,
526 1994 609 2060 quae
630 1971 779 2043 dicuntur
800 1976 928 2054 chelae,
960 1977 1042 2042 sicut
1062 1976 1144 2040 infra
1165 1975 1256 2046 di-'uo

87 2072 190 2128 cetur.
245 2059 301 2126 Sol
322 2058 532 2126 dicitur-esse
557 2058 589 2121 in
611 2057 731 2140 Libra,
761 2063 836 2150 quia
865 2083 963 2150 quum
983 2084 1041 2150 per
1060 2060 1134 2127 illud
1157 2060 1215 2127 dea
1256 2066 1257 2073 ’

82 2147 189 2212 ¹currit
209 2147 357 2233 signum,
388 2153 437 2211 est
470 2142 723 2231 aequinoctium,
756 2159 789 2216 et
821 2147 1042 2236 adaequantur
1071 2159 1215 2236 tempora

85 2232 229 2299 noctium
250 2229 444 2317 temporibus
469 2229 600 2295 diemm.
660 2296 665 2303 ,

124 2381 134 2387 .
172 2319 203 2385 8.
246 2317 354 2390 Quum
384 2315 506 2382 Chiron
542 2337 614 2379 cum
646 2315 709 2380 11110
746 2314 806 2382 suo'
843 2338 899 2405 per
938 2314 1028 2383 silvas
1058 2314 1213 2391 transiret}
1275 2391 1278 2396 ¹

86 2403 216 2490 scorpio
237 2403 409 2469 immensae
430 2400 652 2486 magnitudinis
682 2401 778 2469 filium
807 2401 874 2491 ejus
906 2423 1008 2488 paene
1025 2399 1261 2486 *deglutivitffi'

86 2490 211 2569 Chiron
248 2489 403 2576 optimus,
420 2488 589 2572 sagittator
627 2489 826 2575 scorpionem
863 2488 1021 2577 percussit
1053 2496 1086 2551 et
1117 2485 1213 2549 filium

88 2575 251 2652 liberavlt;
284 2573 383 2640 etsie
413 2573 541 2662 scorpip
561 2571 729 2639 translatus
750 2586 799 2639 est
821 2574 852 2638 in
874 2572 1069 2640 000101οζ-
1110 2570 1214 2635 Aliter.

87 2661 253 2748 Juppiter,
285 2658 453 2744 Neptunus
485 2669 517 2723 et
536 2657 713 2727 Mercurius
735 2681 808 2724 cum
860 2657 1028 2725 uibusdam
1058 2654 1123 2721 aliis
1155 2655 1213 2722 diis

88 2747 293 2813 circueuntes
317 2743 456 2809 diversas
484 2743 652 2830 regiones,
674 2744 812 2831 quodam
838 2681 890 2810 die
911 2743 977 2824 sole
998 2740 1215 2807 descendente

87 2840 300 2920 pervenerunt
319 2825 361 2894 ad
390 2826 524 2894 domum
550 2829 744 2915 Oenopionis
777 2832 903 2909 rustici,
933 2828 986 2918 qui
1008 2851 1063 2893 eos
1085 2828 1280 2906 honori-30³
1317 2836 1320 2843 “

88 2919 152 2983 tice
175 2915 329 3002 suscepit,
352 2923 385 2980 et
406 2915 532 2979 unicum
549 2913 678 2993 bovem,
699 2937 793 3002 quem
815 2916 971 2996 habebat,
1003 2914 1040 2978 iis
1066 2914 1213 3001 apposuit

87 3001 357 3069 manducandum.
411 2998 476 3086 Ipsi
514 3009 621 3066 autem
655 3001 766 3067 relecti
796 3002 935 3068 volentes
966 2999 1089 3078 redire,
1123 2999 1226 3063 dixe-'

87 3097 165 3156 runt
201 3088 261 3177 ipsi
297 3084 492 3172 Oenopioni,
532 3096 568 3151 ut
598 3085 748 3172 quicquid
786 3086 878 3188 pellet
907 3096 1045 3175 peteret,
1090 3094 1123 3149 ot
1153 3084 1162 3148 i
1187 3084 1213 3148 si
1295 3118 1298 3123 ·

84 3173 231 3241 daretur.
271 3171 346 3261 Ipse
370 3181 475 3238 autem
499 3171 588 3258 prole
609 3193 721 3238 carens
750 3173 859 3260 penit,
887 3186 928 3240 ut
948 3171 1007 3238 sibi
1040 3108 1213 3234 1111010010-

87 3271 170 3326 rent,
196 3256 281 3333 ‘Qui
310 3252 456 3322 bovinum
487 3257 607 3322 corium
636 3258 878 3347 perminxerunt,
898 3270 931 3324 et
962 3257 1088 3344 plenum
1121 3277 1254 3342 sepe-35

88 3345 222 3423 lieruut3
256 3365 295 3409 ex
322 3364 385 3428 quo
417 3352 489 3429 post
522 3364 633 3408 novem
667 3366 790 3411 meuses
826 3355 918 3422 natus
946 3353 996 3410 est
1024 3341 1125 3406 Orion
1155 3362 1214 3406 seu

91 3426 244 3520 Οὐρίων,
278 3426 312 3492 id
334 3440 383 3494 est
404 3450 442 3493 en
464 3427 569 3492 urina
586 3429 727 3514 genitus.
778 3429 843 3503 Qui
877 3428 980 3495 lactus
1002 3438 1139 3493 'venator
1160 3449 1214 3490 vo-

89 3516 158 3593 luit,
175 3537 246 3581 cum
281 3513 386 3579 Diana
417 3516 648 3595 concumbere;
683 3536 766 3600 quae
793 3516 873 3582 irata
901 3514 984 3581 misit
1015 3512 1214 3600 scorpionem

86 3601 264 3668 immensae
283 3598 506 3687 magnitudinis
524 3600 554 3662 in
578 3622 661 3678 eum,
680 3600 733 3686 qui
756 3601 888 3667 invicem
902 3599 1090 3690 proeliantes
1112 3610 1214 3664 trans-

88 3687 144 3754 lati
166 3696 238 3753 sunt
258 3682 443 3750 inlcaelum.
494 3684 578 3757 Nam
598 3685 765 3752 noluerunt
786 3685 829 3752 dii
851 3710 941 3752 suam
958 3684 1077 3773 prolem
1098 3685 1256 3773 perirem

88 3796 153 3840 nec
173 3772 276 3839 Diana
305 3792 398 3837 suum
427 3770 633 3857 scorpionem.
672 3771 788 3836 ·0rion
818 3771 948 3859 errszjer
971 3769 1105 3849 dicitur,
1140 3771 1224 3855 qnia,

90 3850 273 3927 succinctus
312 3866 381 3924 erat
412 3877 495 3923 ense.
535 3855 604 3922 Ἐκ
638 3858 806 3944 scorpione
841 3852 1015 3923 seeundum
1047 3853 1214 3941 utramque
1325 3932 1327 3938 ,

91 3942 232 4011 fabulam
261 3935 347 4009 sacta
376 3953 452 4010 sunt
475 3940 542 4007 duo
572 3942 672 4029 signa.
723 3943 774 4008 Ex
804 3943 957 4021 brachiis,
991 3962 1074 4029 quae
1104 3941 1213 4006 chelae

90 4030 250 4108 dicuntur,
272 4028 390 4097 factum
412 4027 607 4113 estsigunm
630 4026 717 4113 quod
737 4027 855 4095 dicitnr
875 4029 992 4109 Libra,
1014 4049 1052 4092 ex
1077 4046 1213 4113 corpore
1238 4070 1241 4075 -

90 4118 211 4183 factum
238 4125 294 4181 ,est
318 4116 445 4202 signum
476 4112 563 4198 quod
584 4111 698 4180 dicitnr
716 4115 862 4201 Scorpio.
913 4113 969 4180 801
1000 4111 1115 4178 dicitnr
1144 4132 1262 4184 essene

89 4204 123 4269 in
145 4201 339 4290 Scorpione,
373 4199 446 4289 quia
465 4199 549 4270 siout
578 4200 704 4291 scorpio
725 4201 844 4294 pnngit
857 4222 924 4292 per
940 4199 1104 4286 caudam,
1124 4195 1184 4258 'ba
1200 4203 1239 4253 st
