2692 4606
148 192 227 268 ca·
436 190 633 292 uyuop.
657 190 691 264 ι.
744 188 1000 267 urs-erc.

45 382 49 390 '
148 379 302 458 venisset,
332 372 485 444 sacerdos
507 374 606 467 elegit
624 374 730 444 locum
751 358 920 443 faciendae
937 377 1020 447 urbi.
1048 379 1135 455 ¹(dno
1158 379 1288 463 eii'osso,
1336 372 1340 385 ’

148 466 307 531 inventum
336 473 386 530 est
416 473 513 551 caput
542 461 638 529 bovis
691 460 790 538 Quod
840 485 915 528 uum
949 460 1178 552 displicuisset,
1217 468 1290 556 quia
1319 490 1321 503 ¹

149 554 209 617 bos
231 571 358 637 semper
379 549 586 698 sulpjugatun
615 547 678 614 alio
706 486 851 614 bouelt
1224 544 1227 557 ’

845 571 937 628 osso,
970 560 1068 638 caput
1088 552 1163 640 equi
1182 552 1291 620 iuven-

108 704 112 713 ,
149 653 217 704 tum
240 648 298 702 est.
341 634 386 700 Et
407 634 542 722 pocuit,
563 633 638 721 quia
658 634 722 702 boc
742 633 872 714 animal,
894 633 969 702 licet
989 636 1199 726 subjugetur,
1226 638 1291 721 bel*
1330 698 1333 704 .

126 723 281 791 cttcosum
302 731 408 787 tamen
431 732 496 798 est,
527 728 560 787 et
584 720 696 799 vincit,
728 730 761 787 et
811 720 909 786 lerum
934 742 975 786 ue
997 725 1183 793 concordat
1226 726 1294 794 Illic
1335 790 1338 803 ,

46 838 50 845 ·
151 832 231 894 ergo
263 805 381 872 Junoni
409 805 526 892 templa
553 804 707 872 feceruut
791 804 856 872 nde
876 743 1028 885 belicosa
1053 821 1103 878 est
1122 811 1293 901 Carthago

149 917 208 984 per
229 893 301 980 equi
322 914 435 981 omen,
470 903 502 959 et
527 890 636 959 fertilis
658 913 716 981 per
737 892 846 960 boves.

389 1102 482 1180 217.
537 1099 767 1177 Anchises
802 1102 847 1178 et
878 1103 1045 1180 Venus.

238 1233 433 1309 Sciendum,
463 1230 623 1301 Anchisen
644 1246 807 1323 pastorem
835 1231 951 1313 luisse,
978 1245 1102 1300 etcum
1124 1254 1164 1299 eo
1187 1231 1294 1301 amato

110 1323 312 1402 luVenerem
343 1321 563 1387 concubuisse.
606 1318 703 1387 Unde
733 1322 857 1387 Aeneas
890 1320 978 1386 circa
1011 1310 1132 1384 Simoin
1163 1320 1301 1386 fluvium·

152 1407 273 1510 'l'rojae
293 1419 385 1474 natus
408 1418 466 1472 est.
509 1406 602 1473 Deae
629 1407 713 1471 enim
740 1404 789 1470 rel
820 1405 989 1495 Nymphae
1019 1405 1182 1472 enituntur
1208 1407 1295 1472 circa

151 1497 264 1560 fluvios
294 1493 341 1558 vel
371 1514 512 1559 nemora.
556 1490 653 1568 Quod
684 1514 782 1581 quum
806 1488 942 1579 jactaret
963 1490 1135 1571 Anchises,
1166 1491 1296 1563 afflatus

136 1592 203 1648 'est
225 1580 371 1662 fulmine,
400 1577 559 1667 oculoque
579 1579 738 1667 privatus3
768 1576 956 1645 monoculus
977 1577 1062 1644 enirn
1082 1586 1178 1645 erat·
1230 1578 1256 1611 ’·

386 1794 479 1871 218.
533 1794 792 1898 Dionysius
828 1778 1076 1901 tyrannus(

114 1952 149 2001 ιε,
242 1925 435 2016 Dionysius,
467 1922 597 2013 quidam
620 1935 794 2014 tyrannus,
824 1923 965 1997 Siciliam
994 1936 1094 1997 totam
1112 1920 1228 2015 fraude
1249 1921 1300 1991 rel

155 2014 230 2080 dolo
252 2014 364 2080 invasit
385 2023 418 2078 et
439 2010 582 2099 spoliavit
602 2010 745 2097 penitus;
780 2012 864 2082 adeo
894 2028 931 2085 ut
952 2014 1047 2082 etiam
1073 2009 1245 2077 simulacra
1266 2019 1300 2078 et

154 2098 272 2187 temple
299 2097 432 2165 deor'um
453 2098 642 2164 devastaret.
684 2092 826 2168 Barbam
857 2103 951 2171 edam
980 2097 1104 2166 barbati
1129 2095 1218 2164 lovis
1241 2096 1303 2165 ab·

156 2186 261 2265 stulit,
299 2197 332 2253 et
362 2182 563 2251 simulacrum
594 2183 680 2274 ejus,
712 2184 852 2256 vestibus
880 2181 1113 2278 pretiosissimis
1141 2180 1306 2264 indutum,

39 2294 42 2299 ·
157 2270 318 2361 spoliavit,
344 2272 473 2418 suispue
493 2268 612 2350 induit,
635 2267 762 2352 dicens,
785 2297 853 2338 non
876 2272 996 2340 debere
1016 2290 1143 2335 numen
1162 2268 1202 2333 in
1224 2278 1310 2332 tam

114 2357 289 2445 pprigidis
321 2356 411 2420 vecti
434 2380 474 2420 cs
502 2353 654 2442 frigere.
713 2358 862 2434 Quadam
902 2370 1008 2425 autem
1042 2353 1096 2419 die
1125 2353 1313 2421 amicorum

158 2464 288 2510 suorum
310 2439 439 2544 (puidam
462 2440 680 2527 interrogavit,
699 2467 747 2508 co
770 2455 865 2529 esset!
878 2443 995 2531 felix?
1017 2440 1082 2515 Qui
1098 2438 1159 2506 ait:
1184 2438 1318 2521 Quid*

158 2529 223 2593 ni?
256 2526 415 2616 jussitque
442 2525 528 2592 illum
548 2526 691 2593 residere
720 2529 752 2594 in
778 2528 857 2594 solio
880 2552 958 2607 suo,
990 2526 1136 2593 indutum
1158 2524 1317 2613 restibus

157 2613 257 2701 regiis
279 2625 505 2715 sceptrumque
525 2625 704 2695 tenentem3
727 2635 767 2680 ac
783 2606 901 2680 deinde
914 2612 1057 2702 gladium
1073 2609 1313 2690 acutissimum,

158 2698 342 2767 tenuissimo
363 2699 417 2766 filo
439 2698 591 2786 ligatum,
620 2720 718 2786 super
739 2700 892 2767 verticem
914 2699 982 2790 ejus
1003 2695 1173 2786 suspendi,
1200 2706 1236 2764 et
1255 2696 1315 2762 in-

117 2797 247 2857 usterro
275 2786 337 2852 avit
357 2808 448 2865 eum,
470 2795 591 2848 utrum
609 2782 678 2848 sibi
692 2782 872 2850 videretur
885 2809 958 2852 ecee
973 2783 1123 2848 beatae?
1160 2780 1228 2857 Qui
1248 2805 1305 2849 re-

160 2806 307 2960 spoudit,
327 2870 424 2934 nullo
441 2868 540 2935 modo
556 2890 593 2951 ce
609 2891 681 2932 esse
698 2860 848 2950 beatum,
869 2858 931 2958 qui
943 2867 1158 2945 aestimarer,
1169 2890 1206 2932 se
1217 2890 1306 2933 casu

59 2966 74 2998 Χ
159 2956 280 3044 gladii
305 2954 375 3020 cito
394 2953 616 3020 moriturum.
648 2953 711 3019 Cui
733 2952 924 3045 Dionysius:
949 2950 1098 3038 Qualem
1118 2961 1171 3035 tu,
1190 2952 1301 3043 inquit,
1328 2948 1333 2959 ’

162 3064 255 3106 nuuc
277 3039 380 3104 habeo
402 3038 578 3117 timorem,
610 3037 717 3104 talem
738 3063 802 3131 ego
824 3040 964 3107 assidue
985 3035 1115 3127 patior.

282 3255 376 3332 219.
405 3224 637 3360 ¹Regulus
673 3264 836 3338 consul
870 3216 1187 3347 Romanorum.

123 3423 159 3471 30
250 3387 399 3475 Regulus
411 3388 523 3455 consul
536 3391 755 3458 Romanorum
768 3390 846 3470 fuit,
867 3390 922 3479 qui
933 3389 1047 3457 multos
1061 3390 1208 3456 Afrorum
1221 3390 1312 3455 bello*

167 3471 252 3560 cepit
276 3497 317 3540 ac
339 3472 468 3540 vinculis
495 3476 633 3544 tradidit
672 3479 738 3545 Hic
758 3475 944 3565 aliquando,
973 3489 1163 3543 contraeas
1190 3476 1309 3546 bellum

65 3566 68 3573 '
166 3581 279 3645 agens,
292 3572 404 3648 captus
415 3572 464 3627 est
475 3572 508 3628 et
517 3562 644 3631 vinculis
654 3563 864 3651 mancipatus
886 3562 992 3638 Quem
1000 3563 1137 3629 Romani
1145 3585 1207 3628 non
1216 3565 1305 3650 parvi

132 3674 135 3684 ·
168 3644 355 3733 pendentes,
367 3644 526 3716 dederunt
536 3650 674 3731 obsides,
688 3668 825 3739 eumque
839 3648 997 3715 avinculis
1004 3649 1173 3717 solverunt
1197 3649 1305 3724 Quum

169 3732 306 3798 venisset
325 3731 358 3796 in
379 3745 543 3817 senatum,
576 3759 720 3824 uxorque
746 3758 818 3803 cum
839 3734 909 3801 filiis
930 3756 1005 3799 eum
1025 3735 1161 3803 osculari
1182 3736 1332 3818 vellent'

128 3817 346 3904 35respoudit,
368 3840 436 3882 non
457 3818 578 3888 debere
598 3824 778 3909 captivum
799 3845 823 3886 a
844 3817 953 3907 nobili
969 3830 1121 3906 persona
1141 3816 1307 3888 osculari.

170 3903 298 3970 Deinde
325 3926 424 3993 quum
451 3907 552 3993 pretio
584 3906 671 3987 illurn¹
699 3906 858 3974 redimere
882 3905 1071 3985 voluissent,
1104 3913 1308 3995 summopere

128 3994 130 3999 '
164 3989 348 4077 interdixit,
380 3989 509 4071 diceus,
540 3993 694 4058 centallo
714 3993 812 4058 modo
834 3992 886 4056 rei
906 3990 1060 4056 militari
1080 3993 1189 4081 digne
1208 4017 1309 4080 posse

171 4075 351 4142 inservire.
394 4077 524 4166 Sicque
544 4087 581 4146 ut
599 4077 736 4146 Orosius
756 4077 843 4156 dicit,
865 4074 1007 4143 redditus
1030 4091 1080 4145 est
1101 4079 1231 4169 propria
1252 4102 1309 4143 vo-

171 4159 292 4228 luntate
322 4163 485 4242 hostibus,
518 4172 551 4231 et
584 4163 616 4229 in
640 4163 763 4233 viuculo
790 4162 969 4253 conjectus,
1004 4167 1117 4234 excisis
1148 4164 1311 4256 palpebris

70 4323 73 4331 Ι
130 4247 357 4330 secerdotum,
383 4249 533 4317 insomnis
553 4247 657 4340 periit
