2684 4606
139 200 221 277 tet
491 200 671 303 Mptbopr.
700 200 771 273 111.
803 198 866 273 ’5.
921 198 962 273 5.

126 378 174 454 'et
202 384 286 451 bano
313 383 390 452 dant
415 380 538 475 plrpsici
565 382 739 457 rationem,
774 379 861 470 quod
896 379 1001 469 aquila
1033 402 1094 471 per
1126 390 1275 451 naturam

142 472 227 538 nimii
249 481 298 537 est
319 469 449 549 caloris,
480 468 562 536 adeo
583 480 620 535 ut
638 481 672 534 et
692 488 773 548 ora,
802 467 916 567 quibus
938 466 1143 554 supersedet,
1173 469 1277 556 possit

141 554 455 709 trebello&
496 552 779 725 Stultitia
800 550 1277 707 ‘lttltllbrfdtttt

118 728 256 807 setiam,
285 724 367 794 adeo
388 738 518 791 acutum
539 745 611 791 esse
632 661 756 872 dpoilae
777 722 939 800 intuitum,
969 732 1005 789 ut
1047 745 1083 788 ro
1106 720 1275 811 fulgentis·
1305 780 1311 787 .

116 813 232 964 tt}
249 812 321 965 spa
341 810 438 962 'tlt
457 809 802 962 ttttttn‘fltt‘
817 807 1144 961 llllttmtltt⁸
1168 811 1275 963 ‘illi

141 984 173 1048 in
194 920 279 1070 tplls
297 921 376 1049 'stolis
398 979 504 1048 radios
525 980 766 1081 lumina'figere
785 977 1005 1059 sustinuerint,
1037 980 1068 1044 in
1096 945 1191 1047 vitam
1221 1003 1274 1047 re-

142 1080 322 1171 serrentur,
350 1068 376 1134 si
397 1088 478 1147 non,
506 1064 619 1134 auido
642 1062 838 1155 depciantur.
881 1062 979 1130 Unde
998 1063 1151 1133 Lucanus
1171 1068 1205 1132 in
1226 1067 1274 1133 lx

101 1152 347 1323 lodmltithue
365 1231 462 1299 Iovis
482 1231 633 1299 volucris
654 1230 768 1297 calido
789 1254 895 1319 quum
909 1230 1066 1320 'protulit
1085 1255 1147 1297 ovo
1167 1244 1231 1301 ete.

140 1322 307 1389 Elemento
326 1319 425 1407 igitur
441 1316 636 1385 calidissimo
658 1329 690 1385 et
709 1315 943 1405 limpidissimo,
966 1316 1109 1385 videlicet
1127 1318 1274 1403 aethere,

140 1407 216 1475 illud
237 1408 301 1473 ales
323 1414 545 1484 consectatur,
600 1402 665 1469 uod
694 1412 727 1469 et
756 1402 862 1469 calore
889 1402 1030 1471 abundat
1056 1414 1090 1471 et
1109 1404 1272 1495 perspiea-

142 1495 246 1561 citate.
288 1485 386 1566 Quod
415 1511 490 1555 vero
519 1426 641 1577 aqulae
674 1488 890 1555 Romanorum
915 1488 1031 1556 luerint
1054 1491 1168 1576 signa,
1197 1491 1273 1557 inde

101 1590 135 1641 15
144 1592 248 1646 ortum
264 1577 388 1653 volunt,
408 1576 486 1663 quia
505 1574 588 1641 sieut
611 1573 720 1641 aribus
743 1575 888 1642 omnibus
908 1574 1010 1662 aquila
1029 1598 1179 1662 praeesse
1197 1599 1292 1657 ceu-,

140 1676 245 1743 setar,
277 1663 323 1728 sic
339 1661 475 1726 Romani
492 1659 685 1748 populorum
700 1659 837 1725 omnium
854 1670 887 1726 et
897 1658 1121 1729 desiderabant
1141 1674 1174 1727 et
1190 1662 1270 1729 obti-

138 1771 217 1815 nere
245 1748 438 1835 putabantur
466 1745 684 1847 principatum.
736 1744 809 1818 Qua
838 1745 881 1811 de
912 1767 947 1810 re
979 1757 1085 1812 tamen
1113 1745 1165 1812 alii
1186 1745 1269 1814 aliud

140 1844 340 1901 censuerunt.
371 1830 517 1933 Juppiter
530 1850 623 1909 enim,
643 1840 682 1897 ut
700 1830 874 1912 Anacreon,
894 1830 1127 1917 antiquissimus
1150 1846 1270 1907 auctor,

140 1920 265 1996 scribit,
298 1938 355 1982 rex
385 1916 488 1983 extrtit
515 1914 645 1982 Cretae.
688 1914 750 1989 Qui
782 1914 857 1982 dum
884 1915 1035 1983 adversus
1056 1916 1209 1999 Titanas,
1236 1916 1269 1984 id

97 2016 190 2073 tuest
209 2002 316 2070 'l'itani
337 2000 427 2080 filios,
448 2000 502 2089 qui
523 2001 621 2067 frater
635 1998 764 2067 Saturni
785 2002 908 2077 fuerat,
931 2000 1043 2068 bellum
1066 2004 1268 2091 suscepisset,

139 2102 173 2157 et
200 2087 391 2155 sacrificium
413 2086 513 2152 Caelo
536 2084 681 2164 fecisset,
714 2085 747 2149 in
773 2087 924 2154 vintoniae
953 2087 1127 2177 auspicium
1148 2088 1269 2179 aquilae

138 2174 198 2243 sibi
228 2173 342 2241 adesse
370 2192 558 2259 prosperum
586 2169 664 2237 ridit
691 2169 836 2239 rolatum.
885 2171 987 2274 Cujus
1019 2195 1116 2261 quum
1146 2176 1268 2242 vicisset

140 2260 292 2347 augurio,
320 2257 352 2323 in
384 2256 481 2345 signis
502 2254 621 2323 bellicis
642 2254 777 2344 aquilam
798 2255 858 2324 sibi
879 2257 955 2326 fecit
975 2280 1124 2342 auream3
1142 2270 1176 2327 et
1220 2260 1269 2327 uia
1299 2318 1303 2325 .

139 2346 313 2447 auspicium
338 2340 414 2407 illud
436 2340 566 2407 victoria
586 2354 756 2409 consecute
785 2354 852 2423 est,
881 2344 992 2410 lictum
1023 2358 1090 2425 est,
1146 2282 1219 2412 uod
1239 2345 1267 2410 ei

95 2432 244 2520 eoaquda
274 2426 432 2495 dimicanti
460 2426 589 2495 fulmina
616 2427 833 2495 ministrasset
877 2428 973 2495 Unde
1001 2441 1035 2496 et
1063 2453 1082 2495 a
1107 2366 1192 2499 ldie
1212 2452 1266 2498 au-

139 2517 235 2605 gurio
256 2526 365 2583 natum
387 2523 453 2593 est,
480 2524 517 2580 ut
542 2512 664 2601 aquilae
683 2512 813 2580 militum
836 2514 964 2601 signum
985 2516 1186 2583 comitentur.

225 2604 258 2670 5.
299 2599 404 2665 Poma
424 2596 466 2664 de
487 2597 671 2679 litonibus,
701 2620 743 2663 ne
774 2597 817 2664 de
840 2599 879 2665 iis
909 2598 997 2688 quod
1014 2601 1189 2689 ‚poeticum
1220 2610 1269 2669 est

141 2689 282 2765 nescias,
316 2684 422 2750 serunt
450 2705 506 2750 eos
536 2683 663 2750 fabulae
691 2685 731 2749 ab
757 2682 838 2751 irata
868 2696 980 2753 eontra
996 2684 1078 2757 deos
1099 2686 1207 2756 'l'erra
1226 2686 1267 2755 ad

142 2774 210 2862 ejus
224 2772 372 2838 ultionem
385 2780 579 2858 procreatos.
607 2766 703 2835 Unde
721 2779 753 2835 et
773 2768 807 2832 T
802 2770 917 2834 irenes
930 2765 997 2840 c’rrd
1012 2774 1073 2858 τῆς
1085 2775 1212 2853 elosae}
1233 2770 1266 2840 id

99 2869 192 2929 coest
211 2859 252 2923 ab
266 2855 397 2921 ultione
418 2852 482 2919 diei
497 2865 690 2921 meruerunt
722 2852 775 2919 De
795 2852 844 2920 his
865 2866 971 2924 autem
991 2856 1076 2924 solus
1096 2858 1155 2925 Sol
1174 2858 1269 2927 absd-

140 2944 245 3010 nuisse
273 2950 420 3006 narratur
445 2941 486 3005 ab
511 2938 624 3030 injuria
653 2938 824 3006 numinum.
867 2939 965 3007 Unde
996 2953 1029 3009 et
1049 2943 1174 3011 caelum
1201 2966 1266 3011 me-

141 3031 218 3109 ruit,
239 3038 272 3094 et
291 3024 453 3114 pristinum
474 3022 582 3092 adbuc
602 3046 716 3092 nomen
738 3035 843 3105 tenet;
863 3024 960 3093 'litun
982 3027 1063 3095 enim
1082 3028 1267 3119 appellatur.

140 3112 363 3203 Ganymedem
385 3109 478 3176 etiarn
500 3110 661 3201 luppiter,
690 3110 790 3177 'Proili
814 3110 1028 3201 ‘trojanorum
1048 3116 1138 3201 regis
1160 3115 1267 3195 fllium,

80 3272 83 3277 ,
141 3202 190 3267 bis
211 3198 309 3286 signis
333 3195 574 3282 praeeuntibus,
602 3196 684 3262 inter
704 3197 793 3263 aliam
814 3197 965 3283 praedam
990 3198 1134 3267 bellicam
1154 3202 1268 3290 rapuit

99 3304 135 3351 aa
144 3285 238 3353 Unde
257 3307 294 3349 se
314 3281 345 3346 in
367 3281 500 3369 aquilam
522 3280 564 3349 ad
591 3304 663 3349 eum
685 3281 869 3369 rapiendum
893 3283 1009 3351 dieitur
1029 3295 1265 3354 transmutasse

141 3374 228 3438 Sane
255 3365 459 3456 Ganymedes
496 3366 529 3432 iu
559 3367 680 3434 caelum
703 3366 796 3455 juxta
829 3368 965 3434 fabulam
995 3369 1185 3453 translatus,
1225 3371 1267 3438 ad

142 3455 344 3524 ministerium
366 3451 551 3541 poculorum
573 3451 731 3520 adbibitus
752 3451 876 3518 dicitur.
918 3454 980 3521 Est
1001 3455 1089 3523 enim·
1104 3458 1267 3547 Gany-e-

142 3543 251 3608 medes
280 3539 422 3627 signum,
454 3536 542 3625 quod
561 3537 733 3627 Aquarium
756 3536 906 3620 dicimus,
937 3538 1024 3627 quod
1045 3554 1173 3612 constet
1195 3564 1265 3610 esse

142 3629 324 3717 pluviosam.
374 3622 539 3710 Europam
573 3645 699 3712 quoque
724 3626 756 3690 in
788 3624 894 3712 speeie
914 3626 1059 3707 taurina,
1095 3626 1130 3693 id
1160 3629 1266 3696 estin

35 3750 39 3761 ι
101 3714 213 3779 conavi
256 3714 388 3778 icturam
409 3707 491 3775 tauri
512 3709 664 3784 habente,
685 3719 720 3778 et
738 3708 854 3775 Isidem
875 3710 908 3775 in
934 3711 1082 3794 vaccina,
1109 3712 1144 3780 id
1166 3725 1215 3781 est
1233 3713 1265 3779 in

144 3801 213 3864 nari
232 3737 364 3885 lujusce
385 3793 543 3883 picturae,
572 3794 709 3862 similiter
735 3795 915 3883 asportarit
955 3796 1038 3863 Deni
1061 3820 1120 3877 ue,
1147 3811 1185 3868 ut
1205 3798 1266 3865 boc

143 3881 412 3959 redimendas,
442 3880 600 3967 neugma
624 3878 716 3948 Isidis
737 3883 903 3970 Aegyptus
927 3881 1009 3950 colit.
1083 3888 1167 3950 anae
1186 3906 1264 3987 pao·

142 3992 221 4056 quc,
256 3968 365 4034 Acrisii
392 3963 472 4041 fitia,
502 3965 546 4033 ad
571 3967 745 4034 castitatem
775 3966 926 4035 tuendam
956 3990 1067 4049 aerea,
1104 3980 1141 4037 ut
1168 3981 1262 4051 aunt,

143 4070 231 4121 turre
251 4054 387 4130 inclusa,
409 4073 488 4117 auro
510 4051 648 4143 quidam,
666 4073 729 4118 non
751 4074 848 4119 aureo
871 4052 970 4119 imbre
993 4054 1033 4120 ab
1055 3994 1262 4143 eodemlore

102 4149 292 4290 lbcorrupt‘p
314 4151 371 4208 est
414 4136 509 4217 Unde
537 4137 700 4227 eleganter
729 4138 898 4208 Horatius:
935 4138 1101 4207 Conversa
1125 4140 1163 4207 ir'r
1181 4160 1261 4229 pre-

144 4238 234 4289 trum
288 4248 336 4290 eo.

127 4461 183 4512 ...ν’

96 4514 106 4539 ι
