2684 4606
376 181 559 284 asyam.
587 183 659 257 ιιι.
713 135 759 277 ιζ
781 132 783 145 ’
808 144 951 285 ι-,εα
988 167 1003 303 :J
1146 180 1227 261 ars

97 376 175 454 puto
201 367 436 435 feracissimam.
478 365 623 443 conditis
643 366 741 455 igitur
760 342 1094 454 Athenis3lauctorcm
1114 389 1226 437 earum

98 455 291 541 Cecropem,
310 455 400 520 urbis
414 453 471 519 lras
487 453 569 520 duas
589 452 841 521 considerantem
857 453 1098 527 commoditates
1104 452 1225 557 ,iquod

98 537 244 607 videlicet
277 540 357 605 mari
386 538 527 606 viciniam
551 549 584 606 et
610 540 796 611 olivetorum
825 535 960 607 haberet
986 539 1224 621 abundantiam,

96 622 152 689 diu
185 623 625 703 dubium-credoextitisse,
665 626 707 690 ab
735 631 810 687 utra
833 642 870 688 rc
891 623 1006 691 civitati
1027 647 1143 693 nomen
1165 627 1223 693 im-

96 720 248 795 poneret.¹
283 709 380 776 Unde
391 710 527 777 numina
548 711 697 798 fingimus
725 708 936 777 concertasse.
977 709 1126 781 'Pandam
1148 726 1249 779 veroa

97 795 249 863 olivarum
270 795 411 864 trucum
440 795 564 862 mannis
586 795 697 872 usibus
720 793 923 881 praeferens,
953 796 994 861 ab
1021 818 1132 863 earurn
1159 795 1224 865 dea

96 882 207 948 urbem
223 879 363 963 ,videtur
388 880 572 949 intitulasse.
622 880 733 955 Quare
761 888 868 945 autern
899 879 1001 950 olivae
1019 880 1142 951 Palladi
1165 882 1222 949 de·
1337 908 1341 919 ·

95 966 321 1052 putentur,.in
341 966 545 1055 sequentibus
573 965 695 1033 audies.
736 962 816 1029 Ideo
840 974 947 1034 autem
969 982 1088 1053 equum
1107 967 1224 1035 dicitur

96 1050 456 1139 invenisseNeptunus,
477 1050 565 1161 quod
584 1073 675 1138 mare
693 1049 808 1116 mobile
829 1050 870 1117 sit
890 1061 923 1117 et
943 1051 1051 1132 velox,
1080 1052 1166 1119 unde
1189 1065 1224 1120 et

96 1159 250 1203 oceanus·
266 1135 382 1203 dicitur
408 1138 452 1205 aa
472 1133 556 1212 ouda
580 1138 726 1215 Graeco,
779 1133 847 1201 uod
865 1136 963 1201 velox
984 1138 1264 1227 interpretaturus
1308 1154 1313 1193 ¹

96 1221 273 1310 Propterea
301 1223 414 1302 edam,
440 1232 478 1291 ut
496 1222 548 1290 ait
579 1222 728 1300 Servius,
797 1230 885 1286 ustor
911 1231 944 1286 st
966 1221 1099 1302 Pollux,
1132 1225 1221 1312 quod

73 1382 78 1386 ¹
96 1327 207 1375 eorum
221 1306 330 1375 stellae
342 1306 653 1388 ‘velocissimaasunt
669 1328 768 1410 equos
779 1307 810 1371 in
821 1304 921 1373 tutela
929 1305 1052 1375 habere
1063 1307 1221 1378 dicuntur.

177 1397 208 1461 5.
249 1392 437 1481 Neptunum
464 1393 559 1460 etiam
587 1393 747 1482 Harpyras
779 1388 890 1457 dicuat
916 1413 1102 1478 generasse.
1135 1394 1221 1483 ‘Ipse

94 1478 176 1544 eninr
206 1478 346 1547 omnium
374 1479 444 1544 fere
487 1477 685 1566 rodigiorum
707 1475 840 1564 lingitur
882 1485 978 1543 aton·
1003 1478 1076 1545 Nec
1094 1479 1220 1561 mirum,

93 1587 192 1651 quum
225 1562 404 1631 secundum
433 1502 602 1631 alsteram
626 1561 783 1649 Milesium
802 1583 844 1627 ex
859 1498 998 1636 laumore
1018 1564 1129 1634 omnia
1143 1581 1262 1652 pro-ts

92 1660 251 1717 creentur.
277 1649 389 1716 ¹Unde
415 1658 479 1716 est:
513 1648 756 1736 Oceanumque
773 1656 912 1734 patrem
933 1669 1059 1737 rerum.
1102 1650 1158 1719 Sic
1188 1664 1221 1717 et

115 1735 300 1822 eregrinos,
330 1754 531 1824 quorumque
556 1754 619 1799 non
645 1733 786 1803 norimus
808 1732 941 1818 patriam
962 1744 995 1801 et
1036 1735 1221 1817 arentelam,

126 1822 235 1908 eptuni
264 1820 343 1886 filios
375 1819 518 1899 dicim.
560 1819 725 1908 Harpyiae
750 1827 859 1884 autem
886 1840 982 1885 canes
1023 1821 1089 1887 oris
1112 1822 1248 1909 appel-¹

93 1904 215 1986 lantur,
249 1906 332 1993 quia
357 1909 391 1971 et
421 1906 509 1994 ipsae
539 1905 660 1971 Furiae
690 1925 762 1969 esse
789 1900 948 1971 dicuntur.
1002 1905 1098 1972 Unde
1125 1909 1220 1973 etiarn
1291 1932 1294 1945 ’

93 1989 379 2143 Epulasndlpcurqutupi
391 1992 555 2144 δὴιίρεὲθ,
576 1987 664 2140 qul}
687 1987 1056 2144 eppsgnrffirumpmffinc
1064 1993 1262 2143 Fetbavlrariao

93 2098 241 2230 enildmde
261 2098 416 2249 ΗιιιίζγῐῗεΒ
435 2100 497 2228 alda
510 2100 639 2248 elpollt
668 2158 867 2244 Fulgentius.
896 2097 1155 2262 pHarpyiaruln,u
1169 2100 1221 2227 ldn

112 2249 177 2326 uit,
199 2246 300 2335 prima
324 2245 427 2324 sallo,
457 2245 599 2313 secunda
622 2246 789 2334 Ocypete,
816 2244 910 2311 tertia
930 2243 1046 2313 dicitur
1066 2249 1217 2315 Celaeno.

93 2271 177 2399 lunt
206 2332 290 2398 enirn
320 2342 386 2397 tres
413 2341 545 2399 tantum.
580 2329 733 2416 ''Aonora
762 2328 862 2414 igitur
882 2330 1011 2416 rapine
1030 2333 1217 2434 interpreta-

90 2428 153 2484 tur.
196 2415 277 2484 ldeo
309 2417 445 2502 virgines
474 2418 659 2503 linguntur,
689 2413 777 2501 quod
798 2413 898 2480 omnis
921 2415 1032 2503 rapina
1050 2419 1162 2484 sterilis
1183 2430 1261 2490 etas

91 2501 182 2568 arida
203 2503 252 2569 sit.
295 2501 375 2568 Ideo
396 2501 508 2589 plumis
537 2499 768 2577 circumdatae,
796 2499 872 2588 quia
898 2510 1042 2601 raptores
1065 2503 1218 2590 quicquid

91 2587 260 2656 invaserint
290 2588 402 2656 celant
457 2587 538 2656 Ideo
566 2584 721 2664 volatiles,
752 2581 849 2673 quod
869 2606 969 2651 omnis
998 2598 1108 2675 raptor
1146 2600 1221 2675 post

91 2694 124 2739 ra
148 2674 235 2740 inam
257 2672 299 2741 ad
319 2671 508 2760 lugiendurn
529 2671 569 2739 sit
590 2670 781 2740 celerrimus.
822 2667 910 2737 Aello
932 2680 1041 2738 autern
1061 2672 1220 2750 alienam

91 2698 234 2839 rollens,
262 2760 410 2848 Ocypete
438 2758 545 2823 citius
572 2753 754 2841 auferens,
785 2754 927 2822 Celaeno
955 2756 1101 2843 nigrum
1121 2758 1221 2824 inter-

91 2854 246 2930 pretatur.
295 2844 334 2909 In
363 2842 478 2931 rapinis
513 2841 595 2909 enim
625 2839 809 2909 exercendis
838 2841 976 2930 primurn
1004 2853 1053 2908 est
1081 2843 1261 2916 alienumao
1295 2874 1305 2885 -

91 2929 336 3018 concupiscere,
373 2927 550 2996 secundum
583 2926 751 3015 concupita
775 2926 943 3006 invadere,
974 2927 1104 2994 tertium
1131 2929 1220 3017 qnod
1249 2930 1251 2935 ’

91 3014 242 3081 invaseris
264 3014 378 3081 celare.
421 3015 496 3080 Hae
522 3014 621 3101 igitur
646 3012 689 3081 ad
710 3012 877 3079 Phineum·
889 3010 1085 3102 puniendum
1103 3017 1219 3083 missae

90 3100 267 3187 fingantur.
308 3100 370 3167 Est
390 3111 497 3168 autem
518 3099 599 3166 haec
620 3097 736 3165 fabula.
777 3098 920 3166 Phineus
939 3118 997 3165 rex
1018 3109 1110 3166 natos
1131 3124 1238 3182 suos,-

91 3187 131 3250 ab
153 3207 293 3252 noverca
313 3178 356 3251 dd
377 3185 499 3253 incesto
514 3196 693 3263 accusatos,
715 3183 885 3251 luminibus
900 3181 1049 3270 privavit3
1069 3186 1220 3273 obquam

91 3291 157 3335 rem
186 3272 449 3359 ipsumyquoque
477 3271 624 3359 luppiter
650 3270 808 3348 caecavit,
850 3278 883 3335 et
914 3268 1044 3356 insuper
1073 3271 1115 3337 ad
1145 3274 1260 3349 eum3'5

91 3356 302 3422 cruciandum
325 3357 484 3444 Harpyias
505 3356 605 3436 misit,
638 3377 722 3443 quae
752 3355 841 3421 cibos
869 3353 937 3444 ejus
966 3356 1079 3441 partim
1101 3379 1218 3444 rapue-

90 3451 181 3518 runt,
202 3442 317 3528 partim
340 3442 534 3508 stercoribus
554 3440 772 3515 foedaverunt.
812 3440 895 3509 Post
915 3442 1021 3511 tamen
1043 3464 1070 3515 a¹
1084 3443 1168 3510 Zete
1185 3455 1220 3511 et
1328 3481 1330 3485 ·

90 3526 199 3604 Calai,
228 3527 357 3593 Boreae
376 3528 464 3607 filiis,
499 3527 676 3615 aufugatne
697 3535 780 3591 sunt.
1119 3570 1122 3579 ·
1181 3533 1186 3541 ’

173 3614 205 3678 6.
249 3612 392 3679 Phineus
409 3612 522 3700 igitur,
545 3636 565 3678 a
577 3611 776 3696 fenerando
797 3609 918 3688 dictus,
941 3609 972 3676 ia
991 3609 1121 3679 modum
1144 3637 1218 3682 ava-

88 3695 180 3763 ritiae
212 3699 349 3784 ponitur.
390 3697 468 3763 Nati
495 3697 562 3786 ejus
584 3696 725 3775 divitiae,
761 3697 860 3763 multo
878 3695 987 3760 labore
1009 3700 1260 3787 conquisitaaao

88 3794 120 3847 et
143 3781 265 3850 sollerti
285 3782 494 3849 sollicitudine
520 3783 602 3850 velut
624 3793 757 3871 paterna
780 3780 990 3849 nutricatione
1010 3795 1154 3852 servatae
1184 3799 1217 3855 et

86 3865 248 3935 adauctae
275 3867 338 3934 dici
365 3867 519 3935 videntur.
560 3870 635 3937 Hae
663 3867 740 3933 dum
769 3867 800 3933 in
833 3869 933 3935 bonos
960 3889 1037 3936 usus
1064 3884 1139 3956 apte
1160 3895 1216 3940 ex-

85 3952 295 4040 penduntur,¹
322 3962 356 4020 et
382 3954 470 4041 ipsae
492 3951 615 4040 fulgore
640 3975 700 4021 suo
712 3951 843 4019 clarere
864 3965 897 4020 et
918 3974 1119 4039 possessores
1141 3981 1216 4025 suos

86 4040 189 4105 claros
212 4039 321 4105 lacera
341 4057 403 4104 non
425 4039 619 4109 dubitantur.
648 4037 756 4114 Quum
777 4058 853 4105 vero
877 4061 896 4107 a
917 4059 1014 4124 prava
1034 4042 1215 4121 tenacitate,

84 4146 170 4211 qnae
189 4122 328 4191 idoneae
347 4122 586 4213 dispensationis
608 4146 745 4192 noverca
766 4130 824 4203 est,
848 4124 890 4193 ad
911 4123 1067 4192 sinistram
1090 4139 1255 4214 parternss

83 4208 316 4280 custodiendae
356 4212 458 4300 magis
502 4233 597 4301 quana
632 4208 861 4300 expendendae
893 4222 1115 4299 reponuntur,
1155 4235 1215 4281 nec
