2684 4606
127 173 207 248 mo
277 178 279 183 ·
401 170 583 279 enimn.
622 172 673 244 11.
738 167 990 292 toa-ras

127 364 332 425 exerceretur
353 355 455 440 disco,
477 359 517 424 ab
537 359 619 425 irato
640 358 748 425 Borea
770 357 885 425 eodem
907 355 997 425 diseo
1013 365 1064 424 est
1075 355 1269 441 interemtus,
1307 426 1324 443 ,Ι

128 456 162 513 et
180 446 213 510 in
244 444 358 509 florem
390 444 438 509 sui
466 445 600 511 nominis
633 456 784 523 mutatus.
835 444 902 510 Hic
932 454 1039 509 autem
1071 443 1133 509 flos
1167 446 1270 528 rubet,

39 560 41 564 ·
128 529 219 620 quasi
240 528 335 596 lilium
357 527 532 617 designans
553 530 687 619 primam
702 528 899 600 ’Ὑακίνθου
919 528 1069 596 litteram.

470 698 564 778 182.
627 670 930 811 A'marocus.

103 850 121 898 5
214 833 387 900 Amaraous
411 853 492 921 puer
513 831 622 920 regins
646 832 876 919 unguentarius
893 830 961 911 fuit,
983 830 1037 920 qui
1058 850 1137 907 casn
1158 827 1272 920 lapsus,
1295 836 1306 861 '

131 916 208 985 dum
237 919 337 985 ferret
364 929 550 1005 unguenta,
581 917 733 1006 majorem
762 942 801 986 ex
832 917 1021 984 confusione
1044 914 1180 983 odorem
1201 939 1273 1006 pro·

132 1005 268 1072 crearit:
298 1000 385 1071 unde
407 1004 525 1091 optima
549 1014 714 1089 unguenta
737 1003 980 1071 amaracina
999 1001 1161 1070 dicuntur.
1318 1026 1324 1091 ².

476 1171 569 1248 185.
625 1174 939 1253 Pilumnus.
985 1208 987 1213 ’
1318 1096 1324 1317 l

219 1302 384 1371 Pilumnus
409 1312 441 1368 et
464 1301 632 1371 Pitumnus
656 1304 771 1372 fratres
806 1302 934 1371 luerunt
961 1300 1014 1369 dii.
1062 1300 1195 1369 Horum
1224 1298 1277 1366 Pi·
1320 1336 1324 1375 ,·

66 1398 263 1457 '1⁰tumnus
302 1412 394 1457 usum
440 1389 721 1457 stercorandormn
761 1389 878 1456 invenit
905 1409 1082 1477 agrorum,
1123 1384 1212 1461 unde
1249 1394 1278 1453 ct
1321 1392 1324 1403 ‘

135 1475 343 1559 Sterculinius
363 1473 467 1541 dictus
488 1484 557 1555 est3
591 1474 755 1542 Pilumnus
775 1497 850 1539 vero
894 1471 1028 1540 insendi
1047 1472 1217 1555 frumenti,
1249 1480 1279 1538 et

135 1561 347 1651 apistoribus
369 1560 503 1642 colitur,
525 1571 558 1628 et
576 1565 617 1628 ab
639 1562 709 1651 ipso
726 1558 846 1649 pilum
888 1560 989 1630 'ctum
1008 1570 1066 1627 est.
1318 1596 1324 1631 r

491 1752 585 1830 181.
625 1750 924 1846 ¹(limenius.
1039 1709 1060 1765 l‘

51 1952 54 1957 Δ
221 1883 259 1949 ln
283 1883 459 1949 Praeneste
480 1883 607 1951 civitate
629 1881 694 1949 duo
717 1892 809 1951 erant
830 1881 963 1964 fratres,
983 1878 1156 1970 qni'dirioi
1177 1878 1281 1985 appel
1322 1926 1324 1937 ·

96 1968 292 2034 1⁶labantur.
346 1969 595 2034 Horumsoror
615 1967 690 2035 dum
722 1979 798 2035 anto
820 1966 928 2035 focum
961 1965 1109 2046 sederet,
1140 1968 1281 2033 resiliens

125 2053 269 2120 'scintilla
318 2052 390 2140 ejus
422 2064 548 2120 uterum
581 2055 755 2142 percussit,
802 2053 889 2119 unde
929 2051 1047 2121 dicitur
1084 2054 1286 2156 concepisse
1317 2062 1322 2073 '

136 2141 257 2207 Postea
296 2143 387 2205 enixa
415 2151 465 2206 est
497 2162 632 2227 puerum
655 2141 749 2231 juxta
776 2139 927 2229 templum
947 2140 1053 2220 Joris,
1094 2137 1283 2228 abjecitque.
1311 2200 1315 2207 .

137 2225 286 2311 Virgines
309 2238 461 2313 aquatum
482 2235 613 2308 euntes,
634 2227 735 2330 juxta
754 2224 863 2314 ignem
881 2226 1040 2294 inventurn
1071 2224 1285 2304 sustuleruott
1312 2232 1324 2287 ·ξ

137 2312 224 2376 unde
244 2310 378 2377 Vulcani
399 2310 496 2377 lilium
520 2334 592 2379 esse
612 2311 779 2393 drxernnt,
812 2310 987 2379 Caeculum
1009 2320 1181 2391 cocantes,
1203 2308 1286 2399 'quia
1312 2354 1324 2369 ·.

96 2396 311 2463 2⁰minoribus
334 2396 433 2464 oculis
456 2397 532 2479 luit;
566 2420 663 2487 quam
684 2421 752 2465 rem
783 2397 861 2464 fumi
907 2396 1070 2485 letumque
1098 2395 1178 2463 facit
1205 2394 1286 2467 acd—
1319 2458 1324 2477 ,

138 2483 252 2548 monia.
306 2483 373 2549 Hic
410 2494 541 2570 postea,
580 2485 715 2553 collecta
749 2422 969 2561 multitudine,
1016 2494 1189 2570 postquam
1232 2478 1323 2546 diu'·'

120 2569 343 2636 'latrocinatos
367 2579 433 2648 est,
453 2568 695 2639 Praenestinam
717 2570 875 2637 civitatem
896 2569 927 2634 in
949 2570 1108 2635 montibus
1131 2566 1286 2635 condidit.

137 2654 182 2721 Et
203 2676 301 2743 quom
321 2653 470 2722 ludorum
492 2653 546 2722 die
566 2656 687 2723 ricinos
719 2653 854 2743 populos
881 2655 1064 2734 invitasset,
1099 2652 1210 2743 coepit
1231 2670 1286 2719 eos

139 2741 277 2824 hortari,
299 2753 336 2809 ut
355 2764 465 2809 secum
485 2739 685 2822 habitarent,
709 2751 743 2808 et
761 2739 885 2824 gloriae
908 2762 1006 2806 causa
1022 2739 1169 2830 jactare,
1189 2739 1289 2823 tilium

96 2833 176 2891 2⁵se
194 2848 267 2893 esse
287 2826 430 2894 Vulcani.
481 2825 580 2900 Quod
612 2849 712 2914 quum
746 2825 787 2892 illi
818 2846 883 2890 non
913 2823 1103 2904 crederent,
1138 2824 1289 2892 invocato

139 2912 301 3002 Vulcano,
334 2926 370 2989 ut
390 2935 426 2978 se
448 2909 546 2977 filium
566 2932 659 2978 suum
682 2911 922 2999 comprobaret,
958 2910 1059 2977 omnis
1079 2910 1161 2977 illius
1184 2906 1322 2977 multi-'-

139 2997 256 3064 tudinis
279 3010 391 3065 coetus
412 3006 462 3063 est
492 2996 622 3063 flamma
643 2995 868 3064 circumdatus.
919 2998 993 3072 Quo
1016 2996 1102 3063 facto
1139 2994 1291 3063 commoti

139 3082 258 3173 populi,
279 3083 371 3151 simul
392 3081 635 3166 habitaverunt,
657 3094 691 3151 et
708 3080 842 3151 Vulcani
864 3082 960 3149 lilium
983 3104 1055 3150 esse
1070 3080 1292 3151 crediderunt.

486 3266 581 3345 185.
643 3273 930 3348 Telchines.

101 3411 139 3458 30
226 3398 397 3468 Telchines
419 3408 484 3466 tres
515 3401 630 3468 fratres
654 3403 752 3470 fnisse
772 3402 923 3469 dicuntur
949 3394 1067 3467 invidia
1085 3397 1181 3465 liridi.
1226 3399 1324 3483 Qus

142 3510 242 3575 quum
271 3486 445 3554 vicinorum
475 3508 573 3573 agros
605 3487 749 3557 riderent
774 3500 931 3577 proventu
966 3482 1086 3551 fertiles
1118 3497 1152 3550 et
1177 3496 1295 3569 pem
1311 3512 1321 3527 ··

142 3574 268 3652 felices,
306 3570 364 3638 hos
387 3573 540 3659 sparsisse
571 3571 720 3642 dicuntur
748 3575 838 3662 aquis
875 3573 1013 3663 Stygiis,
1051 3580 1088 3636 ut
1117 3568 1324 3649 redderent*¹

141 3655 338 3725 infecundos.
382 3659 456 3740 Qua
476 3658 571 3748 culpa
593 3682 727 3748 poenam
750 3671 948 3742 metuentes,
982 3654 1084 3725 solum
1116 3662 1323 3741 venerum,

142 3767 242 3833 seque
263 3743 304 3811 ad
326 3745 486 3835 Cyclopas
509 3746 717 3814 contulerunt
1315 3766 1318 3771 '

102 3927 143 3979 ³⁵
548 3915 640 3991 186.
701 3917 888 3992 Tenes.

229 4046 338 4112 'l'enes
360 4046 489 4134 quidam
513 4045 701 4121 infamatus,
736 4043 917 4132 quodcum
940 4042 1079 4112 noverca
1101 4016 1294 4112 concubuis-

146 4139 215 4209 set,
236 4131 386 4211 insolam,
420 4156 503 4219 quae
525 4131 679 4199 'l'enedos
701 4144 924 4223 nuncupatur,
955 4152 1091 4200 vacuam
1118 4131 1293 4200 cultoribus

54 4304 60 4323 Ι
147 4217 258 4286 tenuit.
302 4217 398 4284 Unde
419 4216 571 4286 'l'enedos
593 4217 680 4287 diota
702 4231 760 4287 cst.
