2684 4606
138 149 217 227 rra
420 111 601 255 ltprogt.
628 82 680 224 u.
735 147 991 227 roo-ua.
1077 250 1084 257 ,
1180 224 1185 235 ,
1266 126 1269 133 ’

139 352 250 409 tauros
276 337 396 406 crebris
428 337 558 405 fustium
590 336 705 405 ictibus
733 337 765 404 in
795 352 917 407 terram
934 336 1016 405 fixus
1037 336 1165 408 interiit
1207 336 1267 407 Sed

140 437 213 519 post
234 435 368 495 mortem
387 422 420 489 iu
441 446 553 493 sexum
570 422 673 491 rediit

496 587 589 664 roo.
642 533 921 693 nuragyle.

226 719 395 810 Phlegyae
425 728 523 783 erant¹
543 717 650 807 populi
681 719 810 807 quidam
840 720 973 787 insulani
994 722 1124 788 nimium
1146 720 1184 786 ln
1202 717 1271 787 deos

116 808 226 899 nimpii
249 819 282 874 et
302 803 460 890 sacrilegi.
500 802 597 869 Unde
609 804 709 885 iratus
734 807 903 896 Neptunus
919 830 990 873 eam
1007 818 1132 898 partem
1153 805 1286 885 insulae.

140 918 236 986 quam
260 892 428 981 Phlegyae
449 890 610 972 tenebant,
631 889 768 960 tridente
790 892 957 982 percussit,
979 906 1013 964 et
1035 916 1148 963 omncs
1168 892 1272 961 ohruit.

513 1038 605 1135 110.
667 1048 905 1139 Acrisius.

84 1191 139 1267 κ’
225 1189 385 1269 Acrisius,
416 1209 473 1255 rer
495 1188 703 1278 Argivorum,
732 1193 858 1283 accepit
877 1213 1086 1282 responsum,
1123 1210 1206 1257 eum
1225 1188 1275 1281 qui

40 1280 43 1285 ’
139 1304 184 1349 ex
240 1280 292 1344 tta
312 1282 534 1354 nasceretur,
567 1277 674 1339 morti
701 1275 770 1342 sihi
797 1301 942 1343 causam
962 1276 1145 1365 futurum.
1187 1272 1276 1343 Unde

99 1364 292 1441 sosollrcitus
314 1373 434 1429 turrem
456 1359 704 1442 aeneamtecit,
725 1363 811 1430 etin
833 1387 873 1429 ea
894 1362 989 1429 liliam
1011 1362 1147 1429 Danaen
1167 1360 1276 1451 posuit,

139 1452 295 1521 adhibens
314 1450 398 1514 intus
418 1444 538 1534 puellas
560 1445 731 1529 custodes,
752 1448 830 1516 loris
851 1471 927 1516 vero
949 1447 1098 1516 satellites
1121 1468 1275 1536 canesque

139 1537 259 1627 vigiles.
301 1533 448 1623 luppiter
470 1542 587 1614 autem,
610 1555 720 1600 versus
740 1533 772 1600 iu
791 1535 1089 1623 imbremaureum‚
1108 1540 1202 1621 pert
1262 1570 1274 1583 ·
1313 1548 1317 1629 y·

138 1625 241 1693 larum
268 1621 363 1688 rimas
395 1617 438 1683 ad
467 1617 552 1683 illam
581 1641 617 1684 se
650 1616 775 1686 demisit
803 1632 836 1687 et
868 1619 1034 1708 gravidam
1072 1618 1159 1686 lecit
1243 1640 1276 1684 uo
1315 1638 1317 1699 ρ

140 1720 323 1799 comperto,
366 1716 558 1793 pateream
586 1703 669 1769 intra
697 1725 805 1772 arcam
833 1706 986 1773 inclusam
1012 1703 1276 1795 praecipitaritiu
1306 1758 1312 1769 .

99 1819 239 1876 15mare.
281 1796 376 1869 Quae
398 1789 440 1855 ad
468 1786 592 1856 Italiam
616 1787 737 1870 delata,
771 1790 896 1859 inventa
917 1803 966 1859 cst
986 1814 1007 1858 a
1027 1792 1190 1880 piscatore
1212 1810 1276 1879 cnm

140 1882 286 1963 Perseo,
324 1898 419 1965 quem
439 1872 501 1939 illic
530 1874 621 1939 enixa
650 1874 771 1959 suerat,
802 1887 836 1945 et
864 1877 971 1947 oblata
997 1877 1088 1965 regi,
1124 1874 1181 1965 qui
1213 1896 1277 1943 ean

140 1967 201 2036 sibi
233 1967 268 2031 in
296 1960 481 2051 conjugium
511 1958 686 2051 copulavit,
718 1973 751 2029 et
785 1984 858 2031 cum
890 1986 931 2032 eu
958 1961 1098 2031 Ardeam
1131 1960 1278 2042 condidit,
1315 1980 1318 2001 ¹

139 2051 228 2123 unde
247 2050 378 2119 'furnus
400 2044 557 2134 originem
578 2044 676 2112 duxit
1316 2078 1318 2091 .

432 2305 436 2311 .
521 2214 609 2309 111.
663 2218 902 2295 Perseus.

19 2347 22 2353 ’
105 2376 143 2426 ao
225 2353 294 2421 Sed
315 2362 428 2442 postea
449 2349 600 2430 Perseus,
622 2372 643 2415 o
665 2345 842 2436 Polydecte
864 2368 945 2436 rege
966 2347 1009 2415 ad
1027 2324 1277 2417 interficiendam
1312 2306 1319 2403 l

140 2445 332 2528 Gorgonum
360 2439 492 2516 missus,
530 2459 628 2524 quum
657 2445 818 2500 revertens
844 2445 1006 2502 resectum
1035 2435 1103 2526 ejus
1132 2447 1234 2525 capnt
1248 2432 1281 2501 in·
1308 2454 1319 2519 j

139 2551 237 2598 manu
265 2524 399 2593 volando
428 2533 586 2612 portaret,
628 2542 720 2587 arum
755 2541 848 2585 suum
877 2519 1050 2603 Acrisium,
1084 2519 1216 2610 objecto
1240 2516 1277 2587 th
1309 2536 1313 2569 ³

140 2614 307 2704 Gorgonis
322 2610 447 2702 capite,
477 2611 509 2676 in
531 2629 643 2676 saxum
665 2604 827 2672 convertit
1261 2642 1266 2657 ·

502 2774 592 2858 112·
655 2776 914 2878 Gorgones.
1261 2756 1264 2763 ¹
1311 2710 1320 2865 l

98 2942 136 2994 25
228 2916 403 3000 Gorgones
424 2919 490 2977 tres
510 2905 655 2983 luerunt,
677 2902 817 2985 Stheuo,
844 2902 1002 2992 Euryale,
1023 2899 1179 2986 Medusa,
1199 2900 1277 2971 time

142 3000 262 3069 Phorci
283 2997 370 3085 regis
393 3004 427 3060 et
447 2988 586 3059 Oretidis
607 2988 794 3079 Nymphae,
821 3012 886 3055 uno
908 2988 1042 3055 invicem
1074 2987 1169 3055 oculo
1191 3000 1276 3059 uten-

141 3100 201 3156 tes.
243 3088 314 3154 Has
339 3083 365 3148 si
389 3079 458 3169 quis
480 3075 572 3154 vidit,
604 3085 734 3165 stupore
754 3076 860 3143 statim
879 3075 912 3141 in
932 3075 961 3141 la
984 3073 1069 3140 idem
1089 3097 1202 3144 versus
1223 3086 1277 3145 st
1313 3076 1321 3131 ’-

142 3176 285 3242 Serenus
307 3168 403 3245 dicit,
434 3175 499 3231 tres
521 3159 640 3252 puellas
663 3161 759 3230 fuisse
781 3162 873 3228 unius
894 3099 1145 3250 pulchritudiuis.
1190 3162 1276 3239 Quas
1306 3146 1321 3259 ,l

141 3284 241 3351 quum
262 3246 412 3322 vidissent
430 3247 666 3323 adolescentes,
693 3262 743 3315 stu
787 3271 824 3314 re
843 3248 1022 3337 torpebant
1065 3244 1162 3313 Unde
1184 3246 1278 3337 fingi·

100 3361 213 3429 antur,
246 3345 273 3412 si
301 3339 412 3428 aliquis
431 3359 487 3402 cas
509 3332 654 3414 vidisset,
685 3334 717 3399 in
741 3272 877 3485 ldp'idem
903 3341 1088 3401 uerteretur.
1130 3333 1276 3403 Fuerunt
1310 3380 1321 3431 -5

142 3446 249 3502 autem
283 3425 457 3514 locupletes
491 3419 603 3501 nimis3
642 3421 728 3485 unde
789 3422 952 3506 'orgcnae
984 3417 1150 3502 dicuntur,
1188 3418 1276 3510 qumi
1309 3498 1312 3505 Ι

143 3532 259 3586 terrae
281 3511 463 3579 cultrices:
498 3510 543 3596 pri
570 3505 653 3571 enim
681 3516 795 3582 terro,
822 3507 958 3592 ἐργασία
988 3503 1131 3569 cultura
1153 3503 1277 3575 dicitu.
1306 3542 1311 3553 ·

140 3604 213 3672 Sed
234 3610 359 3669 mortuo
380 3606 486 3684 patre,
523 3560 659 3658 hlodusa
682 3593 714 3657 in
736 3614 871 3680 regnum
891 3591 960 3681 ejus
981 3589 1143 3656 successit.
1186 3592 1279 3669 Quae
1311 3592 1322 3655 .'

144 3713 240 3777 quum
260 3696 392 3777 propter
423 3677 684 3769 pulchritudinem
707 3700 726 3743 a
746 3679 887 3766 pluribus
915 3682 1076 3766 peteretur
1103 3676 1136 3741 in
1160 3700 1279 3747 conum
1313 3632 1322 3719 l

103 3777 249 3851 saluium,
285 3772 470 3861 Neptunum
500 3767 647 3852 ell'ugere
674 3786 737 3829 non
759 3764 877 3853 potuit,
914 3785 987 3828 curn
1022 3784 1085 3849 quo
1106 3763 1139 3828 in
1159 3728 1322 3939 templu}

147 3861 305 3927 Minervae
346 3880 395 3923 em
418 3852 536 3919 hahuit.
579 3851 643 3918 Cui
663 3873 759 3939 quum
787 3864 820 3918 et
840 3848 926 3937 prius
948 3872 984 3914 se
1004 3861 1135 3937 propter
1155 3851 1279 3919 lormac

140 3880 553 4205 jacmuti'l'erret,
594 3938 698 4039 crines
727 3935 842 4037 ejusa
872 3935 1013 4036 Minerva
1049 3935 1081 3999 in
1111 3954 1279 4038 serpentes
1295 3942 1322 4037 'j

144 4043 219 4121 supt
240 4055 270 4096 m
418 4039 431 4095 t
451 4048 533 4114 quae
555 4035 654 4111 petita
674 4045 706 4086 m
726 4045 832 4109 primus
847 4045 874 4099 a
895 4020 1035 4109 pluuhus
1056 4043 1162 4108 procis
1184 4035 1299 4117 castrt,¹

168 4129 258 4186 ostca
438 4112 539 4178 vultus
569 4108 770 4175 deformitate
798 4119 940 4176 terreret.
993 4106 1099 4179 Quum
1128 4108 1302 4193 Perseus

104 4228 139 4279 so
157 4206 226 4274 ''ns
247 4204 333 4272 lovis
355 4213 388 4269 et
410 4199 554 4279 Danaes,
586 4219 604 4263 a
624 4192 801 4284 Polydecte
830 4215 912 4280 rege
939 4191 1069 4276 missus,
1102 4206 1284 4286 acceptos

1307 4390 1324 4567 ξ
