2684 4606
383 149 970 327 Myllioffrissqffll-‘fflss-
1102 262 1108 272 ι
1177 197 1258 280 149

314 414 318 423 ’
423 414 424 419 ’
467 333 577 463 Ι221.
621 394 878 509 Bupalus.
932 439 959 459 ·,
1242 335 1245 338 '

192 521 354 609 Bupalum
384 519 496 586 dicunt
522 519 686 609 quendam
718 524 874 613 pictorem
905 521 1003 588 luisse
1028 519 1114 608 apud
1137 520 1254 611 Qlazo-

107 629 237 688 menas,
266 608 424 672 civitatem
446 604 557 685 Asiae,
591 608 644 695 qui
672 609 911 697 Hipponactem
940 608 1099 696 quendam
1124 575 1335 696 postumi*

106 695 304 759 deformem·
326 715 386 783 per
421 693 518 759 risum
553 693 661 781 pinxit.
717 697 804 763 Hinc
835 695 892 760 ille
909 703 1098 774 ‚conmotus
1123 694 1252 774 lurore,
1273 694 1324 751 1¹⁴³

104 782 163 846 tali
194 778 336 845 carmine
364 778 524 866 Bupalum
558 778 712 867 perculit,
755 794 790 850 ut
821 782 903 848 vitae
931 800 1048 848 exosus
1078 777 1190 867 laqueo
1216 797 1275 847 sea
1318 804 1332 835 ¹-

105 864 326 955 suspendoret.
411 882 414 897 ¹

451 1005 549 1083 222.
604 1010 900 1111 Tyrtaeum

187 1142 351 1230 rPyrtaeus
381 1146 494 1228 poeta,
534 1163 658 1229 genere
690 1141 905 1222 Atheniensis,
938 1161 1011 1206 cum
1034 1151 1125 1229 parte
1148 1156 1249 1208 mem*

105 1232 239 1300 brorum.
258 1224 410 1293 deformis
433 1228 508 1308 suit;
539 1228 594 1315 qui
631 1228 740 1294 rrimus
771 1229 880 1294 tubam
903 1227 1049 1307 invenit3¹
1066 1251 1130 1316 quo
1153 1230 1247 1295 ctiam

102 1313 353 1380 Lacedaemonii
384 1313 433 1379 usi
463 1312 563 1394 duce,
599 1314 774 1380 hesseriios
807 1310 951 1379 seruantur
972 1314 1091 1378 vicisse.
1137 1313 1291 1387 Qunmtd

104 1403 185 1466 cuim
203 1400 365 1466 diuturno
397 1411 543 1487 tempore
579 1399 661 1464 inter
693 1397 970 1465 Lacedaemonios
1008 1409 1040 1464 et
1069 1400 1246 1465 Messenios
1285 1424 1328 1482 r„

103 1487 219 1552 bellum
252 1485 452 1564 traheretur,
488 1484 726 1551 consulentibus
753 1483 1017 1571 Lacedaemoniis
1040 1487 1081 1565 ab
1105 1485 1248 1571 Apolline
1287 1468 1292 1503 ¹

101 1593 287 1658 responsum
318 1581 384 1648 est,
423 1595 490 1634 uon
522 1570 630 1635 aliter
659 1593 713 1634 eos
740 1593 839 1658 posse
867 1569 1023 1648 vincere,
1057 1569 1130 1633 uici
1159 1573 1246 1636 duce

100 1655 314 1723 Atheniensi
342 1666 559 1743 ppgmrent.
609 1654 734 1731 Quibus
794 1654 1003 1721 os'tulantibus
1035 1655 1244 1722 Athenienses
1336 1732 1340 1739 Ι

99 1743 279 1833 Tyrtaeum
309 1739 477 1807 dederunt.
521 1741 567 1827 Et
597 1740 641 1807 ita
666 1679 937 1825 ,Lacedaemonih
968 1765 1050 1808 noro
1073 1745 1170 1810 tubae
1192 1753 1287 1810 so-lb
1321 1817 1327 1831 ‚

100 1830 165 1898 nitu
191 1830 301 1895 hostes
324 1839 483 1910 terrente,
513 1827 665 1896 vicerunt
1320 1830 1322 1835 ’

484 1993 583 2071 225.
646 1976 856 2069 [arbita.

181 2128 303 2196 larbita
324 2125 461 2192 natione
471 2125 603 2190 Maurus
627 2098 693 2192 suit.
737 2124 800 2204 Qui
821 2147 920 2211 quum
937 2124 1151 2212 Timagenem
1175 2124 1245 2211 phi·
1280 2114 1335 2213 pl?

95 2215 266 2303 losophum
308 2211 405 2278 docte
443 2211 674 2277 declamantem
715 2208 875 2276 incassum
916 2211 1030 2281 imitari
1062 2223 1244 2289 conaretur,

94 2303 212 2369 invidia
234 2296 473 2388 quodammodo
500 2297 648 2384 diruptus
671 2294 815 2362 traditur.
924 2306 927 2313 '
961 2340 963 2344 -
1250 2323 1288 2372 20

481 2477 586 2557 224.Δ
633 2479 859 2579 Mopsus.

177 2613 333 2701 Mopsus,
363 2612 389 2676 A
414 2607 511 2674 ollinis
541 2616 574 2673 et
597 2605 725 2673 Mantus
746 2603 845 2687 filius,
878 2603 1072 2674 etscatehas
1093 2605 1243 2675 dicuntur
1335 2670 1337 2681 ,

91 2703 126 2767 iu
156 2701 294 2789 Gryneo
324 2633 458 2784 Apollini
488 2691 682 2783 consecrato-
712 2712 843 2785 nemore
871 2688 913 2754 de
940 2692 1058 2781 peritia
1082 2693 1242 2778 divinandi
1299 2688 1328 2712 ''‘

90 2791 175 2854 inter
205 2809 241 2851 se
269 2795 432 2849 certamen
464 2778 623 2845 habuisse.
665 2778 711 2848 Et
739 2801 839 2866 quum
861 2775 902 2841 de
925 2801 1096 2865 pomorum
1117 2782 1240 2867 arboris

91 2869 263 2976 cujusdam
285 2855 517 2948 contehderent
540 2885 693 2947 numero,
724 2863 812 2932 stetit
839 2861 943 2951 gloria
967 2863 1094 2959 Mopso.
1136 2856 1283 2957 cujum
1337 2911 1340 2918 .

89 2983 139 3027 rer
157 2957 272 3025 dolore
293 2955 432 3027 Calchas
452 2951 579 3019 interiit.
841 2954 844 2962 “

453 3123 551 3200 aaa.
606 3098 865 3224 apr-oras.
941 3131 943 3137 ’
1099 3218 1102 3223 .

173 3258 305 3349 Apicius
326 3254 457 3346 quidam
478 3251 702 3322 voracissimus
727 3251 796 3331 luit,
823 3248 876 3339 qui
893 3248 934 3317 dc
949 3250 1124 3322 condituris
1140 3255 1238 3324 multa
1274 3272 1290 3323 ³².
1333 3276 1338 3285 ·

71 3348 226 3436 scripsit.
269 3345 451 3432 Postquam
472 3364 553 3427 ergo
577 3360 673 3431 omne
678 3339 907 3490 patrimonium
920 3336 1115 3427 dilapidavit,
1136 3365 1236 3433 quum
1301 3406 1304 3416 s

85 3438 192 3520 egere
207 3429 392 3520 coepisset,
416 3451 479 3496 nou
504 3428 612 3494 serens
632 3446 675 3514 pu
701 3437 807 3506 orcm',
828 3446 952 3492 veneno
972 3425 1076 3515 periit
1204 3468 1206 3489 .
1242 3425 1280 3476 ³⁰

409 3568 553 3703 ,226ι
607 3609 873 3708 Opimius.

171 3740 312 3818 Quidam
346 3743 393 3808 vir
407 3740 567 3828 ¹Opimius
598 3737 769 3804 admodum
792 3739 894 3806 extitit
915 3760 1046 3819 avarus,
1074 3750 1111 3806 ut
1135 3761 1234 3827 quum

83 3826 194 3897 multis
215 3828 328 3894 divitiis
350 3827 543 3903 abundaret,
571 3826 641 3912 ipse
672 3826 760 3891 lestis
780 3821 913 3891 diebus
929 3827 1139 3909 Veientanum
1161 3842 1234 3914 pes-

45 3919 51 3934 *
84 3918 201 3982 simum
232 3916 338 3978 virtum
364 3914 494 3990 liberet,
525 3911 653 3998 privatis
685 3923 792 3975 autern
823 3911 936 3976 diebus
962 3935 1113 4000 vappam,
1145 3910 1232 3998 quod

84 4013 136 4068 est
167 4001 346 4091 Vejentano
375 4000 524 4066 deterius.
586 3997 649 4062 flio
679 4000 762 4062 l'orte
791 4019 869 4083 prae
901 3999 995 4063 nimia
1015 3997 1274 4063 solticitudinem

83 4083 196 4153 incidit
225 4089 257 4152 in
289 4085 448 4173 letargum
478 4084 632 4149 morbum.
676 4085 772 4148 'l'uuc
800 4082 867 4170 ejus
889 4083 990 4150 lactus
1009 4081 1106 4149 heres
1128 4086 1233 4169 coepit

84 4175 174 4238 circa
192 4170 315 4239 loculos
336 4193 468 4235 currere
492 4167 650 4237 melanes
670 4189 848 4254 quaerore,
877 4188 1027 4256 sperans,
1061 4169 1145 4234 illurn
1168 4173 1233 4234 cito

86 4259 305 4340 moriturum„
320 4256 500 4338 ,Accedent
527 4253 670 4325 medicus
692 4252 814 4335 tidelis,
846 4256 978 4344 cognita
998 4255 1105 4321 morbi
1123 4277 1247 4330 caus-a,
