2684 4606
279 248 281 253 ,
406 168 587 271 Mythogr.
619 166 690 242 ΠΙ.
745 163 785 241 d.
846 161 888 247 ll·
1134 161 1215 241 ¹69

86 348 130 415 do
155 347 315 439 voluptate
338 358 500 417 certamen
521 348 680 439 linglnrm.
721 348 832 417 Habet
858 346 942 416 enirn
963 344 1092 429 fabola,
1120 344 1218 413 'Pire-
1269 342 1274 349 ’

86 435 165 502 siam
198 442 362 523 serpentes
393 435 475 503 duo's
506 442 659 504 co'e‘nutes
693 434 818 503 vidisse.
874 434 965 511 Quos
995 454 1093 523 quum
1123 432 1220 519 virga

84 522 317 610 percussisset,
346 522 378 587 in
407 520 559 590 feminam
579 533 718 589 mutatus
742 532 800 589 ost.
840 520 927 587 'Pom
948 542 1025 588 rero
1044 527 1118 607 post
1138 527 1219 584 tem-
1293 526 1307 555 '¹

109 607 173 672 oris
195 608 328 684 seriem,
354 608 489 695 septimo
510 605 656 675 videlicet
682 628 785 688 anno,
815 604 946 672 eosdem
967 603 1045 671 vidit
1065 624 1216 670 concum-

85 629 218 772 hentes,
242 691 346 759 similit
405 716 446 758 ue
473 693 511 759 iis
541 693 719 783 percussis,
748 693 781 758 in
813 690 949 757 lormarn
1002 690 1144 757 ristinam
1164 696 1241 761 esto

84 778 261 844 restitutus.
304 777 358 844 Ob
411 801 451 845 oc
479 801 576 868 quum
605 777 649 844 de
670 779 786 845 amoris
804 777 956 864 qualitate
976 714 1063 843 luno
1084 786 1117 843 et
1136 773 1218 861 Jup-

86 863 167 950 piter
190 876 351 930 certamen
372 865 568 946 habuissent,
588 888 663 931 eum
676 862 819 953 judicem
842 863 1021 950 elegerunt:
1046 861 1104 926 Ille
1116 859 1218 925 virum

87 961 152 1014 tres
175 949 285 1015 unicas
308 950 423 1016 amoris
444 951 581 1030 habere,
608 972 723 1017 norem
751 968 826 1015 vero
848 947 997 1015 feminam
1016 945 1104 1013 dixit
1146 944 1219 1019 Qua

88 1055 125 1098 re
143 1033 230 1099 Juno
247 1034 328 1101 irata
349 1033 454 1101 lumen
478 1036 508 1103 ei
534 1034 663 1104 ademit.
704 1033 854 1123 Juppiter
875 1046 973 1114 bero,
1006 1044 1044 1100 ut
1071 1032 1102 1097 ei
1130 1028 1218 1118 qood

88 1119 253 1199 amiserat,
274 1119 472 1207 aliquatenus
493 1121 685 1198 restitueret,
706 1119 925 1188 futurorumei
940 1116 1104 1186 scientiam
1120 1114 1257 1182 deditlo

87 1205 232 1270 'liresias
250 1204 358 1293 itaque
378 1206 514 1273 aestiva
529 1207 736 1295 perennitas
753 1208 997 1295 interpretatum
1027 1202 1113 1269 unde
1134 1212 1168 1268 et
1186 1201 1220 1266 in

88 1290 195 1375 figura
216 1291 368 1378 temporis
388 1292 525 1380 ponitur.
565 1291 711 1380 Tempus
730 1292 832 1395 igitur
852 1288 1013 1357 mensibus
1035 1285 1220 1354 hiemalibus

88 1373 182 1453 dum,
203 1377 295 1443 terris
310 1376 433 1464 liigore
445 1376 632 1462 constrictis,
653 1398 799 1465 germana
814 1375 896 1443 nulla
915 1372 1074 1465 producit
1096 1392 1222 1438 mascu-

87 1458 181 1526 linam
210 1460 447 1548 quodammodo
480 1463 602 1531 obtinet
628 1463 773 1532 sormam.
808 1462 902 1547 ⁴Vere
928 1471 1034 1527 autern
1061 1459 1221 1545 ingresso,

89 1544 235 1612 animalia
249 1546 317 1636 jam
337 1548 495 1614 lasciviam
516 1548 699 1616 exercentis
720 1559 753 1615 et
773 1546 922 1615 coeuntia
941 1543 1060 1624 videns,
1082 1543 1262 1647 percotitlt

89 1646 129 1696 ea
150 1630 257 1717 virga,
279 1631 311 1698 id
334 1644 384 1701 est
402 1633 534 1701 ferroris
554 1645 662 1716 aestu;
683 1647 822 1722 tuncque
841 1632 874 1698 in
894 1653 1005 1699 sexum
1028 1628 1223 1710 femininum,

88 1714 121 1780 id
145 1726 204 1796 est,
225 1718 257 1784 in
276 1719 427 1787 aestivam
445 1720 557 1788 transit
583 1719 822 1788 fecunditatem:
846 1716 927 1784 Ideo
942 1738 1018 1783 vero
1038 1717 1071 1782 in
1092 1711 1224 1782 modum

89 1802 238 1891 feminae¹
259 1815 414 1871 aestatem
446 1827 603 1909 posuere,
640 1804 740 1895 quod
757 1807 790 1873 in
822 1826 862 1870 eo
895 1816 1042 1892 tempore
1076 1799 1224 1891 germina

89 1887 194 1952 omnia
216 1888 405 1975 prodeuntia
433 1915 480 1958 src
500 1892 565 1959 suis
586 1904 747 1981 tamquam
769 1914 789 1956 a
811 1888 919 1957 metris
939 1900 1031 1955 utero
1053 1895 1224 1973 emergant
1278 1922 1281 1931 =

89 1971 243 2041 folliculis.
286 1975 390 2042 Porro
412 1973 476 2043 duo
495 1988 570 2044 sunt
590 1976 832 2067 conceptionum
853 1971 1040 2041 naturalium
1062 1984 1266 2059 temporam

90 2080 145 2122 ver
175 2058 322 2127 videlicet
349 2072 382 2127 et
411 2074 589 2130 autumnus.
642 2062 682 2129 ln
711 2074 863 2129 autumno
890 2060 989 2149 igitur
1009 2056 1221 2124 domitorum

90 2148 208 2210 coeunt
239 2145 401 2227 animaliaf,
430 2160 464 2216 et
490 2159 639 2215 seruntur
695 2147 832 2229 ermina,
864 2144 1002 2234 percutit
1034 2166 1074 2209 ea
1105 2142 1223 2210 iterum

90 2226 252 2311 'lireslas‚
280 2231 313 2296 id
335 2243 385 2299 est
405 2244 547 2335 tempus.
555 2232 623 2323 jam
646 2168 695 2301 ud
709 2232 846 2299 hiemem
866 2252 1024 2334 vergens,
1044 2228 1168 2329 virga,
1187 2223 1228 2311 ‚ld

90 2324 141 2380 “l
159 2310 310 2403 frigor-ia
331 2316 492 2398 uredine,
522 2338 638 2407 stoque
655 2316 785 2387 tandem
804 2319 838 2385 in
858 2327 1022 2466 pustrnam
1043 2311 1127 2378 redrt
1146 2311 1226 2377 ima-

127 2419 209 2464 nem.
261 2404 436 2469 Autumnus
463 2401 546 2469 enim
576 2401 660 2469 adeo
675 2416 805 2471 canam
838 2399 1024 2489 astringit,
1066 2408 1102 2464 ut
1130 2396 1303 2465 etiamao·

114 2483 212 2549 orbae
232 2482 302 2587 jam
332 2500 513 2568 marceant,
547 2488 619 2555 suoi
646 2489 797 2556 arborum
824 2486 1046 2562 exsiccentur,
1074 2481 1150 2548 tolia
1171 2503 1226 2547 ca-

92 2568 186 2648 dant,
216 2592 326 2659 srcque
347 2586 471 2661 tempos
492 2570 537 2639 ad
557 2572 661 2661 frigus
680 2573 816 2641 hiemale
835 2570 1014 2649 declinans,
1041 2568 1076 2632 in
1100 2588 1227 2635 mascu-

89 2652 184 2721 linam
213 2655 381 2724 revertitur
409 2657 613 2726 sterilitatem.
666 2659 739 2731 Nec
767 2660 945 2745 incongrue
976 2653 1112 2742 septimo
1142 2674 1226 2717 anno

92 2762 203 2806 aarum
235 2756 375 2811 mutasse
404 2742 529 2811 dicitur.
582 2746 728 2833 Septimo
759 2744 842 2811 enim
870 2764 980 2809 mense
1009 2738 1108 2806 solem
1140 2738 1225 2803 vices

91 2835 272 2915 temporum
303 2829 427 2895 variare
456 2830 657 2897 manifestum
691 2842 749 2899 est
805 2828 954 2917 Denique
991 2824 1117 2891 duobus
1155 2820 1269 2903 diiato

91 2910 170 2997 igne
191 2920 400 3001 suquestra,
422 2913 464 2979 de
486 2915 553 2982 rolu
578 2928 662 2998 tate,
682 2914 717 2982 id
738 2926 788 2983 est
807 2914 850 3003 de
869 2909 1099 3003 procreationis
1114 2919 1229 2983 natura

93 2998 307 3077 certantibus,
344 3000 487 3067 'Piresias
520 2940 639 3070 arhiter
690 3002 850 3085 uaeritur,
883 3001 1082 3100 justumque„
1113 3004 1229 3081 utpote

92 3102 162 3147 rem
176 3097 336 3171 expertus,
352 3086 481 3174 prolert
483 3085 639 3175 judicium
669 3026 716 3155 ln
734 3082 963 3154 fructificandis
979 3105 1061 3149 enun
1076 3079 1229 3168 germini-

93 3166 154 3233 hus
171 3169 264 3257 tripla
278 3170 318 3236 ab
338 3176 414 3237 aere
450 3193 523 3239 uam
539 3173 610 3241 abi
637 3194 677 3238 ne
691 3172 824 3243 materia
860 3170 991 3237 rorenit.
1034 3159 1124 3233 heris
1144 3165 1228 3230 enim

93 3251 265 3321 humiditas
306 3195 574 3337 eminalorefin
589 3194 703 3344 glebis,
722 3271 755 3327 et
774 3194 923 3348 producit
935 3255 967 3321 in
983 3251 1081 3332 loliis,
1101 3259 1135 3316 et
1148 3248 1272 3315 mul-85

93 3339 217 3427 tiplioat
232 3340 264 3405 in
280 3276 447 3424 lolliculis3
474 3344 562 3410 c'alor
587 3366 662 3410 rero
677 3346 761 3433 ignis
776 3355 936 3411 maturare
954 3352 1076 3407 tantum
1092 3334 1177 3401 norit
1196 3334 1230 3399 in

93 3425 215 3511 granis.
237 3425 304 3490 Sed
317 3428 547 3496 mor·'l'iresias
558 3441 709 3497 caecatur
720 3430 882 3507 aJunone,
895 3424 946 3492 illa
961 3423 1107 3491 videlicet
1121 3441 1230 3500 causa,

94 3509 183 3596 quod
202 3510 313 3577 hiemis
331 3525 455 3664 ternpus
474 3514 579 3585 nubilo
601 3516 683 3583 aeris
703 3514 862 3602 caligante
879 3512 1051 3599 nigrescat
1081 3505 1231 3606 Juppiter

49 3666 52 3671 ,
94 3608 213 3677 tamen,
238 3596 369 3685 singulis
411 3600 500 3666 iebus
514 3601 820 3690 quantuluscumque
840 3595 1004 3667 hiemalem
1026 3602 1231 3681 asperitatem

93 3680 225 3761 leniens,
241 3685 395 3750 seminum
408 3697 548 3752 satorum
562 3686 700 3774 spondet
714 3686 824 3755 saltem
843 3696 876 3752 et
888 3682 979 3772 quasi
995 3681 1058 3769 jam
1074 3674 1272 3765 praedicitto

94 3780 293 3861 proventum.
335 3768 433 3837 Unde
455 3785 488 3839 et
508 3773 686 3843 suturarum
707 3773 838 3861 lingitur
858 3768 888 3836 ei
907 3767 1035 3835 dedisse
1054 3761 1229 3829 scientiam.

179 3855 212 3920 9.
254 3854 338 3921 Nam
359 3857 402 3925 ob
420 3856 504 3925 hano
522 3879 590 3926 rem
604 3860 698 3927 etiarn
712 3859 812 3925 Janus
830 3855 950 3923 bifrons
968 3851 1121 3940 pingitur,
1141 3843 1230 3935 quod

94 3950 130 4005 et
144 3938 310 4041 praeteria
334 3942 485 4046 respiciat
506 3954 539 4010 et
560 3944 666 4014 futura
684 3942 888 4032 'praevideat3
921 3961 1031 4029 quam¹
1048 3945 1153 4000 tamen
1181 3928 1232 3996 alii

94 4035 193 4091 totius
217 4026 290 4091 anni
312 4024 472 4096 domrnum
495 4027 617 4110 volunt,
646 4053 742 4119 quern
767 4028 799 4095 in
827 4036 966 4116 quotuor
986 4038 1132 4107 tempora
1154 4038 1232 4082 con·
1306 4034 1312 4047 ·

93 4114 158 4177 stat
186 4132 261 4179 esse
288 4111 441 4195 divisum,
479 4114 617 4203 ideoque
651 4114 788 4181 eundern
817 4109 1067 4201 quadrifrontem
1088 4103 1275 4191 pinguntlb

94 4196 176 4263 Anni
196 4210 305 4267 autern
326 4222 399 4267 eum
422 4224 493 4268 esse
514 4199 676 4271 dominum
696 4223 749 4270 res
769 4198 819 4269 illa
841 4198 974 4289 probat,
1003 4188 1090 4285 quod
1121 4189 1163 4254 ab
1194 4206 1234 4251 eo
