2692 4606
302 271 306 280 Ι
356 162 540 264 Mythoyr.
573 161 645 234 111.
700 159 741 232 a.
798 124 953 236 7-a.'
1128 158 1267 259 jaon.

83 344 299 434 proprietatos
321 365 386 409 non
404 339 536 410 dubium
558 351 617 409 est
671 342 785 410 Aestas
813 340 897 409 euim
926 342 1013 430 igni,
1051 340 1222 413 autumnus

83 446 211 510 terrac,
229 431 330 496 hiems
343 450 475 517 aquae,
505 436 561 495 'rer
581 426 649 494 aeri
671 428 872 496 assimilatur.
1093 490 1097 495 .
1151 496 1158 504 ,

169 521 202 583 7.
245 517 409 582 Coronam
454 536 585 602 quoque
620 513 756 578 Phoebo
784 514 850 580 Xll
882 513 911 579 la
934 513 1040 595 idum,
1086 515 1222 582 flammis

84 602 306 689 fulgurantem
346 600 487 688 annique
522 598 633 667 itidem
651 598 879 675 *diversitates
903 538 1099 686 dgur’antem
1136 600 1224 669 dant.

83 691 289 757 Dicuntura
327 687 432 753 fronte
464 707 537 757 esse
563 706 714 772 gemmae
747 697 831 759 tres,
863 684 1002 773 lychnis,
1035 686 1161 752 astrites
1189 697 1249 753 eto

85 778 264 851 ceraunus,
304 794 389 859 quae
424 769 494 858 ejus
524 770 638 838 faciem
667 770 898 857 acognitione
933 772 1224 859 concupiscentium
1324 784 1326 789 '

83 857 379 948 impenetrabilibus
400 855 564 924 radiorum
586 854 766 942 fulgoribus
784 857 942 939 occuluit;
976 856 1111 946 ¹quarum
1132 858 1225 924 aliam

86 946 131 1011 de
153 946 260 1010 fronte
282 944 502 1022 Geminorum,
516 942 566 1007 ‘de
587 940 706 1007 Cancri
726 943 860 1007 cerebro
878 942 1020 1020 alteram,
1042 967 1083 1009 ex
1106 943 1225 1009 Leonis

86 1030 189 1098 oculis
224 1030 349 1096 tertiam
387 1027 500 1109 dicunt
539 1038 723 1094 assumtam.
782 1026 871 1092 Aliae
907 1052 985 1108 sex,
1023 1029 1225 1115 smaragdus,
1338 1071 1340 1075 >

88 1115 210 1206 scythis
239 1125 273 1180 et
297 1114 411 1202 iaspis,
446 1112 670 1200 heliotropius,
701 1110 863 1179 dendrites
894 1124 927 1180 et
954 1114 1154 1203 hyacinthius
1184 1128 1269 1181 exto
1328 1150 1330 1155 >

88 1215 230 1288 utroque
252 1198 350 1265 latere
379 1197 510 1265 rutilare
534 1199 758 1287 perhibentur,
797 1221 878 1286 quas
899 1199 930 1264 ei
950 1200 1017 1267 Ver
1040 1212 1072 1266 et
1095 1207 1227 1269 Autum-

88 1311 150 1354 nus
185 1283 312 1352 dedisse
343 1285 498 1351 feruutur.
551 1283 718 1351 Posterior
746 1306 822 1387 pars
843 1307 989 1366 coronae
1018 1287 1165 1376 crystallo
1194 1297 1228 1352 et

89 1375 261 1452 adamante
282 1367 489 1458 ct‘hydatide
510 1368 669 1457 lapidibus
693 1367 810 1435 dic1tur
832 1370 979 1462 alligata,
1011 1395 1092 1458 quos
1114 1373 1228 1438 Hiems
1292 1396 1301 1410 2

71 1465 75 1470 ’
115 1459 243 1524 enuisse
265 1467 468 1522 memoratur.
509 1456 639 1522 Horum
661 1453 691 1518 la
714 1455 801 1519 idum
824 1469 964 1522 naturae
986 1470 1019 1522 et
1044 1459 1112 1545 typi
1136 1458 1229 1548 juxta

88 1482 289 1629 ldemigium.
305 1539 487 1631 hujusmodi
517 1552 600 1607 suut.
656 1477 743 1605 “Iler
769 1561 921 1607 coronam
947 1540 1095 1628 Apollinis
1127 1560 1273 1610 annuslo

87 1627 291 1715 intelligitur3
329 1649 387 1715 per
420 1625 484 1691 XII
516 1624 638 1716 lapides
661 1624 726 1691 XII
748 1649 877 1717 meuses
904 1638 936 1694 et
956 1628 1002 1693 IV
1037 1631 1109 1694 anni
1147 1641 1228 1695 tem·
1287 1686 1290 1699 .

88 1737 191 1804 pora,
219 1713 397 1801 supputatis
416 1710 536 1792 ‚trinis3
565 1735 624 1799 per
647 1720 712 1776 tres
742 1733 887 1797 gemmas
921 1712 1068 1779 afronte
1099 1716 1230 1802 positas,

89 1802 153 1867 tria
175 1800 284 1888 signa,
311 1821 394 1886 qnae
414 1795 462 1863 sol
484 1798 610 1864 aestivis
631 1795 743 1862 diebus
766 1800 970 1875 transcurrit,
999 1800 1229 1886 significantur.

90 1886 178 1952 Nam
201 1886 287 1951 l'rons
309 1882 382 1950 anui
404 1893 510 1949 aestas
533 1895 591 1962 est,
612 1883 804 1983 flagrantior
826 1884 971 1951 uidelicet
988 1896 1021 1951 et
1043 1887 1230 1952 eminentior
1292 1878 1312 1889 ””

116 1993 179 2037 ars.
220 1969 282 2036 Est
300 1982 411 2035 nutem
431 1966 586 2056 lychnites
607 1968 635 2032 la
659 1990 685 2032 rs
707 1990 899 2056 purpureus,
924 1992 1019 2058 quem
1043 1971 1106 2036 fert
1127 1970 1274 2048 India,au

91 1996 295 2122 lboeruarum
336 2053 463 2141 fulgore
497 1991 721 2142 respleudbns;
766 2053 855 2120 unde
890 2065 923 2121 et
950 2079 1066 2120 nomen
1103 2058 1231 2137 sumsit3

92 2166 169 2209 nam
190 2135 309 2231 λύχνος
331 2142 470 2218 Graece,
491 2137 635 2203 lucerna
660 2138 787 2205 dicitur.
831 2141 955 2207 'Pactus
978 2143 1038 2207 sub
1059 2141 1126 2208 sole
1147 2142 1232 2229 digi-

92 2231 134 2296 tis
171 2226 278 2316 paleas
313 2224 419 2291 trahit.
455 2223 605 2290 fertur
638 2225 779 2291 subitum
809 2227 1012 2314 restinguere
1040 2227 1234 2308 incendium,

92 2314 235 2402 ideoque
269 2311 413 2380 Vulcano
442 2319 651 2377 consecratus
680 2321 740 2376 est.
785 2313 1001 2399 comparatur
1020 2302 1096 2379 v'ero
1119 2314 1235 2379 Gemi·
1337 2322 1341 2329 '

93 2401 144 2467 nis
193 2407 326 2487 propter
362 2416 559 2487 purpureum
594 2394 753 2477 colorcm3
798 2400 886 2485 quod
921 2397 999 2463 dum
1016 2420 1017 2424 ¹
1035 2400 1082 2464 sol
1124 2421 1277 2471 mensem

93 2485 193 2553 ‚lunio
213 2485 246 2551 in
266 2483 360 2569 signo
382 2480 592 2547 Geminorum
608 2472 678 2560 ¹est,
694 2487 855 2632 purpurei
873 2484 992 2571 passim
1009 2485 1107 2550 flores
1129 2506 1235 2579 epum-

94 2581 185 2661 pnnt
236 2569 380 2636 astrites
402 2576 452 2632 est
481 2588 611 2654 gemma
632 2590 690 2633 can
715 2565 785 2646 ida,
818 2569 940 2635 habens
968 2569 1050 2635 intra
1078 2593 1114 2636 se
1143 2570 1234 2658 quasi

94 2655 219 2743 stellam
252 2652 526 2732 deambulantem
567 2652 654 2718 unde
683 2664 717 2720 et
748 2654 789 2718 ab
823 2664 922 2718 astro
953 2676 1068 2720 nomen
1099 2656 1235 2743 accepit.

95 2744 164 2810 Hic
174 2739 252 2891 papis
274 2741 402 2806 Cancro
415 2750 622 2826 comparatur
631 2742 765 2828 propter
777 2737 938 2806 stellarum
957 2739 1025 2830 ejus
1039 2741 1236 2809 altitudinem

97 2841 132 2895 et
155 2826 356 2893 caritatem”.
644 2888 647 2899 ,
782 2838 787 2846 ’
1242 2845 1291 2896 uo„

182 2914 214 2977 8.
258 2912 447 2978 “Ceraunus
469 2908 548 2996 lapis
571 2919 621 2978 est
641 2909 754 2976 fulvus.
805 2909 1003 2997 Repperitnr
1030 2912 1096 2978 ubi»
1120 2912 1255 2978 crebra,

98 2998 231 3065 fulmina
251 2996 388 3074 cadunt,
417 3008 450 3062 et
472 3005 587 3060 contra
609 2996 738 3061 fulmina
761 2996 864 3062 fertur
884 2997 1051 3085 opitulari,
1081 3020 1100 3063 a
1118 2999 1236 3101 quibus
1256 3039 1265 3049 κ

98 3085 195 3150 etiam
219 3105 333 3148 nomen
353 3081 460 3149 babet.
503 3080 587 3145 Nam
616 3079 752 3164 fulmen
773 3082 903 3156 Graece
922 3078 1081 3170 κεραυνὸς
1098 3083 1237 3149 dicitur.
1269 3139 1272 3149 .

97 3167 198 3236 Unde
219 3181 251 3235 et
272 3178 395 3240 montes
415 3165 507 3251 Epiri
528 3151 765 3235 ob‘fulmintsm
798 3167 1007 3269 frequentiam
1039 3168 1081 3234 ibi
1117 3167 1237 3234 caden-

97 3257 178 3327 tium
200 3253 376 3320 Ceraunia
398 3261 470 3316 sunt
501 3251 692 3339 nuncupati3
724 3274 805 3338 quos
825 3265 919 3319 enam
947 3264 1079 3342 propter
1100 3252 1280 3320 altitudi-ao

99 3364 174 3407 neru
216 3352 249 3406 et
283 3337 445 3405 fulminum
478 3335 585 3425 jactus
617 3338 882 3403 Acroceraunio
918 3340 1100 3426 expressius
1135 3339 1238 3405 dictos

99 3424 285 3494 invenimus.
327 3423 411 3488 Nam
435 3432 468 3487 et
497 3419 578 3512 (lupo
631 3431 775 3486 acutum
804 3421 1049 3511 interpretatur,
1086 3436 1119 3491 et
1153 3423 1239 3510 diupo

95 3510 340 3601 promontoria
362 3514 526 3574 vocantur.
611 3507 664 3571 inc
683 3518 731 3587 ,et
760 3505 928 3575 Arcadiam
968 3510 1188 3575 Nonacrium
1219 3532 1239 3575 a

99 3619 218 3663 novem
242 3594 466 3682 promontoriis
490 3592 608 3659 dictam
630 3590 746 3669 solunt,
769 3594 851 3660 sicut
873 3594 1238 3673 Siclliamf'l'rinacriam,
1268 3638 1327 3669 m,

100 3681 210 3770 quod,
243 3690 279 3746 ut
299 3680 342 3745 ait
364 3679 557 3758 Martianus,
586 3679 933 3764 tribus'promontoriis
954 3681 1142 3766 triangula
1164 3696 1281 3749 cen-ro

100 3778 225 3837 fleatur.
267 3765 395 3853 Quippe
416 3765 607 3854 Pachynus,
635 3774 674 3829 nt
692 3761 762 3850 ipso
783 3764 898 3847 docet,
928 3764 1112 3837 meridiem,
1143 3764 1239 3830 Pelo·
1326 3812 1331 3827 „

99 3876 161 3919 rus
198 3873 366 3929 occasum,
404 3849 455 3920 Lil
478 3852 577 3915 bueus
616 3848 745 3915 Africae
780 3852 860 3918 fines
892 3859 1026 3938 spectat.
1093 3850 1240 3932 Eandem
1336 3857 1338 3860 ’

100 3952 212 4010 tamen
245 3935 385 4003 Siciliam
456 3936 649 4022 riqnetrum
675 3945 838 4023 tamquam
858 3959 878 4002 a
900 3933 1012 4000 tribus
1041 3945 1073 4002 et
1094 3948 1241 4023 quaestu

102 4025 224 4095 dictam
244 4022 395 4110 legionis,
425 4020 513 4110 quod
545 4018 631 4085 circa
663 4020 777 4087 eadem
799 4021 859 4089 tria
886 4021 1104 4108 promontoria
1125 4023 1241 4087 crebra

102 4112 175 4177 sieri
195 4106 418 4176 consueverint
447 4105 633 4191 naufragia,
667 4116 701 4173 et
728 4119 794 4187 tres
814 4105 932 4174 ibidem
964 4105 1081 4172 fuerint
1111 4117 1282 4193 portus345

104 4194 192 4270 unde
225 4206 259 4261 et
287 4195 472 4282 trequentes
507 4190 621 4268 Siculis
653 4205 805 4280 quaestus
837 4191 1083 4283 proveniebant,
1115 4204 1150 4260 ct
1180 4194 1241 4260 tria
