2684 4606
225 186 338 262 Notae
362 183 512 262 criticae
531 184 694 287 inmplh.
722 185 757 282 1,
780 113 972 262 {ibt—88.
1007 174 1010 183 ¹
1138 188 1190 267 51
1296 272 1301 281 ,

55 372 146 440 neate)
164 371 247 425 Solio.
260 374 288 423 ,3
316 370 414 439 §up
431 373 468 424 43
498 373 589 423 Goeae
614 370 790 436 “Praeneste‚
811 360 917 441 inquit,
941 376 971 424 ul
987 372 1151 441 zenodotus,
1174 392 1191 429 a
1244 397 1251 411 ·

54 446 200 497 Praeneste
220 443 320 509 lllyssis
335 448 430 510 nepote
447 443 534 495 Latini
552 441 621 507 ulio.
649 447 679 493 ul
696 441 859 494 Praenestloi
876 448 970 494 sonant
987 444 1057 508 libri,
1085 462 1102 497 a
1119 447 1189 498 Cae-

54 518 133 579 culo‚
151 530 228 581 quem
242 514 319 580 Juxta
336 516 410 578 ignes
427 513 549 566 fortuitos
565 515 719 565 invenerunt
737 513 781 580 (ul
794 512 862 564 saum
880 514 934 581 est)
952 514 1097 580 Digitorum
1114 532 1190 570 soro-

54 586 127 643 res”.
163 588 240 643 Gens
254 585 368 638 Caecilia
385 586 511 652 originem
528 599 601 637 suam
628 584 662 634 ab
686 586 736 635 isto
761 584 906 637 deducebat
929 584 1043 640 Caeculo
1066 586 1190 654 (Festa

54 676 83 726 p·
95 662 133 712 60
149 658 192 711 ed·
208 656 287 723 Dae.)

171 779 225 844 85.
248 777 359 844 Serv.
376 774 443 843 .ad
473 775 558 843 uel.
578 777 618 858 6,
640 775 697 843 43
725 722 930 866 mpthogrt
951 776 1002 859 11,
1023 779 1076 845 68.

129 884 289 937 Proetlsi'dea
307 885 350 950 03
368 881 489 952 prctidee
510 883 545 935 1).
562 882 687 951 -preti
703 882 726 934 C
743 885 776 936 D.
794 909 829 924 ·-
847 885 918 956 regia
933 882 1100 953 Argivorum
1117 882 1192 939 abest

54 977 72 1011 a
92 958 115 1009 (i
132 958 168 1009 D.
189 966 265 1007 -et
289 953 460 1007 stheneboea
478 953 501 1004 (i
517 954 551 1007 l).
575 955 671 1007 Recte·
712 955 780 1021 Maji
801 955 865 1013 cod:
888 953 1034 1007 sanabilia.
1070 955 1192 1013 Correxit

58 1031 157 1082 editor·
174 1054 210 1068 -
226 1028 284 1079 aive
300 1025 446 1094 anthiopae
473 1025 497 1076 G
518 1025 552 1078 D.
576 1054 612 1065 -
637 1021 781 1077 secundum
804 1027 939 1077 homerum
962 1027 1000 1091 ῦς
1022 1026 1191 1099 sequundum

55 1103 92 1153 D.
129 1101 165 1152 At
181 1099 312 1152 Homerus
327 1098 443 1150 Antiam
459 1102 550 1161 vocat3
566 1097 618 1151 vid.
635 1099 667 1149 su
685 1111 707 1153 r.
721 1097 755 1149 ad
766 1103 809 1152 71.
824 1125 862 1137 -
880 1114 962 1149 uxore
977 1097 1052 1164 ejus)
1062 1100 1193 1153 ,omittunt

57 1174 82 1224 c
88 1173 122 1224 D.
140 1202 178 1214 -
193 1173 288 1232 natae)
306 1184 358 1225 om.
376 1169 439 1220 CD.
457 1196 493 1208 ·-
509 1170 545 1219 23
561 1114 694 1236 nominag.
724 1169 798 1222 Haec
810 1169 932 1221 omittunt
949 1168 1021 1232 CD;
1039 1169 1085 1221 sed
1103 1171 1190 1235 glossa
1320 1212 1324 1227 .

56 1243 150 1296 eadem
169 1243 245 1294 affert
262 1242 288 1293 in
306 1240 363 1293 edd.
382 1241 464 1292 Serve
482 1239 613 1307 Lysippe‚
631 1239 762 1308 lppouoei,
781 1241 953 1306 cyrianussa3
973 1239 1045 1304 Lege
1063 1240 1189 1309 Lysippe,
1268 1290 1273 1298 ,

56 1313 181 1383 Iphinoe,
198 1312 361 1381 Iphianasaa,
391 1309 531 1362 secundum
550 1311 670 1379 Apollod.
687 1314 720 1377 2,
738 1314 772 1375 2,
789 1315 816 1362 2.
834 1339 871 1350 —
907 1310 1004 1363 Deinde
1030 1309 1053 1359 C
1078 1310 1101 1377 D
1127 1328 1189 1379 pcr-

55 1391 141 1452 grmte
177 1384 252 1435 “Hac
268 1399 298 1435 se
316 1396 394 1448 quum
410 1380 507 1434 Junoni
523 1381 550 1432 in
566 1380 754 1448 pulchritudine
770 1382 958 1450 praetulissent,
975 1381 1021 1433 illa
1039 1381 1103 1433 irata
1121 1382 1188 1435 hunc

56 1472 174 1508 errorem
191 1470 280 1507 earum
297 1455 402 1506 immisit
418 1452 562 1515 mentibus,
579 1458 610 1503 ut
627 1467 656 1503 se
673 1468 765 1504 vaccas
783 1459 919 1521 putarent,
943 1451 1010 1504 adeo
1028 1458 1057 1502 ut
1075 1452 1189 1520 pleram-

56 1529 258 1593 quemugirent
272 1532 300 1579 et
325 1526 445 1579 timerent
467 1528 564 1577 aratra.
608 1522 665 1576 Has
687 1523 834 1594 Melampus
861 1529 953 1594 postea
977 1538 1104 1593 purgasse
1128 1540 1189 1594 per·
1248 1522 1251 1531 '

57 1597 190 1651 hibetur'’.

143 1720 197 1786 86.
249 1716 446 1792 Lactant.
476 1738 579 1784 narr.
615 1717 960 1806 labb.5‚5p.·820
999 1662 1135 1784 Stoa..

119 1824 229 1896 Regis)
247 1824 294 1894 qui
311 1822 496 1874 Macedoniam
522 1823 640 1893 possedit
666 1824 743 1878 Luat.
760 1848 798 1861 -·
820 1823 930 1895 Empes)
954 1824 1029 1893 Lege
1053 1825 1192 1894 Euippe&

58 1899 135 1950 Lact.
153 1903 181 1948 et
199 1896 276 1948 Ovid.
298 1894 365 1947 Met.
384 1900 417 1960 5,
435 1899 498 1961 303.
514 1912 551 1940 -ι-
565 1904 748 1964 provocarunt
764 1896 841 1948 Lact.
856 1927 893 1938 -
909 1899 945 1948 33
963 1895 1089 1948 adversos
1105 1897 1132 1948 iu
1150 1896 1194 1950 ed.

58 1972 134 2022 Stav.
146 1996 183 2006 —
193 1970 229 2019 34
244 1965 386 2032 terruisse)
404 1966 478 2032 Lege
496 1967 638 2017 terruisset
653 1983 713 2020 cum
731 1968 807 2020 Lact.
821 1993 857 2006 -
867 1963 913 2016 ubi
928 1966 1054 2035 luppiter
1065 1967 1143 2020 Laet-
1155 2000 1192 2012 -

59 2045 97 2090 38
115 2040 222 2091 Aetnae
241 2037 338 2089 nwntie
353 2035 443 2102 silice)
460 2038 647 2105 Turpissimam
664 2040 785 2091 librarius
797 2038 856 2090 huic
873 2039 932 2091 loco
947 2039 1040 2091 inussit
1056 2041 1192 2104 maculam,
1294 2082 1297 2088 .

59 2128 127 2181 quac
143 2110 268 2163 citissime
285 2108 396 2162 delenda
411 2113 461 2160 est.
495 2109 570 2175 Lege
587 2125 646 2162 cum
662 2109 742 2163 Lacte
766 2111 874 2162 Aetnae
891 2109 975 2160 monti
991 2108 1108 2163 Siciliae.

82 2234 135 2299 87.
180 2231 290 2302 Serv.
312 2227 362 2294 ad
384 2229 453 2295 Ge.
475 2230 506 2309 1,
526 2231 549 2296 8
577 2229 804 2296 secundum
825 2228 1031 2318 quosdam
1054 2228 1174 2296 codd.

20 2382 34 2394 ,
131 2335 215 2388 Abest
232 2333 295 2386 haec
313 2334 430 2389 fabulae
449 2337 471 2388 c
490 2338 572 2387 Ι).-
609 2334 725 2401 orista).
762 2335 864 2388 Novum
883 2351 986 2390 nomen.
1021 2337 1116 2389 Glossa
1133 2337 1194 2390 cod.

59 2409 123 2461 bibl·
135 2406 212 2459 Leid.
229 2407 304 2458 Serv.
321 2408 354 2461 ad
368 2410 418 2460 Ge.
432 2409 451 2460 l.
467 2408 490 2460 l:
525 2407 632 2459 “Ovista
647 2407 714 2457 filius
726 2406 804 2459 Yneo
817 2403 887 2473 re'gis
900 2406 997 2477 posuit,
1013 2407 1192 2478 inquitmuum

60 2481 160 2532 rideret
169 2492 274 2544 caprum
286 2480 388 2547 saepius
399 2495 415 2530 a
425 2477 509 2544 'grege
518 2478 618 2530 discere
630 2476 791 2546 (discedere)
805 2483 833 2529 et
848 2480 949 2545 plenior
957 2479 1020 2544 (em)
1029 2480 1133 2544 reverti,
1147 2497 1191 2532 se·

61 2560 138 2604 cutus
151 2566 226 2600 arvam
240 2549 543 2615 depascenteminvenit,
561 2566 637 2615 apuam
650 2548 784 2615 decerpsit
798 2565 829 2601 ac
847 2551 970 2616 gustavit.
1005 2549 1088 2615 Cujus
1099 2551 1190 2603 dulce·

61 2625 122 2674 dine
138 2622 258 2672 inductus
276 2636 333 2672 eam
351 2621 494 2689 expressim
511 2628 538 2672 et
555 2637 633 2687 quum
651 2619 782 2671 humorem
799 2620 857 2686 ejus
874 2622 991 2684 bibisset,
1007 2626 1085 2689 quem'
1101 2622 1190 2692 (eope)

62 2702 90 2746 ct
107 2708 214 2746 suavem
231 2693 325 2756 sensit,
350 2709 381 2744 ac
398 2708 446 2760 per
462 2692 511 2745 hoc
528 2692 561 2745 de
578 2691 671 2744 Achilo
687 2692 807 2756 flumine,
830 2693 856 2744 in
874 2692 949 2758 cujus
965 2693 1022 2759 ripa
1038 2707 1089 2744 uva
1105 2691 1192 2746 fuerat

60 2769 174 2828 inventa,
190 2778 284 2828 aarum
301 2763 404 2816 miscuit
419 2764 492 2827 vin03
509 2770 586 2830 atque
603 2765 640 2815 ita
655 2778 734 2828 quum
751 2767 841 2830 potum
856 2764 983 2832 optimum
999 2763 1111 2828 fecisset,
1128 2779 1190 2832 spc-

61 2839 128 2890 ciem
146 2850 213 2887 uvae
230 2841 258 2886 et
275 2841 364 2901 potum
382 2837 507 2903 optimum
525 2834 619 2887 obtulit
638 2835 711 2899 regi,
735 2836 781 2900 qui
798 2833 904 2905 (quem)
922 2850 1001 2901 quum
1018 2835 1063 2886 ille
1080 2835 1190 2903 prohas-

62 2915 121 2972 set,
148 2921 226 2957 uvam
242 2907 382 2958 inventoris
399 2908 503 2958 nomine
523 2901 725 2971 vocari'jussit,
755 2907 840 2957 vinum
858 2907 962 2959 Graeco
978 2906 1059 2958 verbo
1076 2906 1190 2959 Ynona

61 2995 110 3031 suo
127 2977 231 3030 nornine
247 2975 410 3044 appellavit'’.
446 2979 543 3030 Libarii
555 2992 657 3029 errores
674 2991 690 3027 e
705 2983 794 3028 nostro
810 2975 940 3044 mytbogr.
958 2977 1105 3044 corrigendi
1121 2985 1190 3030 sunt.

62 3051 127 3103 lude
153 3056 241 3100 autem
263 3048 333 3114 quod
358 3051 438 3114 gloss.
464 3066 545 3100 uvam
568 3048 707 3101 inventoris
729 3050 831 3101 nomine
853 3055 969 3102 vocatum
992 3064 1050 3101 esse
1073 3049 1190 3101 animad-

61 3123 156 3184 vertit,
173 3119 334 3171 manifestum
352 3121 417 3183 erit,
439 3120 561 3171 Ueiorum
578 3120 717 3186 legendum
734 3136 806 3185 esse,
824 3121 866 3171 vcl
882 3119 1060 3190 allophylum,
1078 3126 1108 3171 ut
1125 3134 1189 3171 cou-
1216 3170 1219 3175 .

59 3193 125 3260 jecit
141 3193 251 3244 Muuck·
268 3191 301 3241 ad
318 3190 390 3257 Hyg.
409 3191 427 3242 s.
447 3195 499 3244 129
517 3210 543 3259 p.
560 3194 614 3242 ²33
638 3191 712 3245 Stuv.
739 3192 808 3243 Sane
832 3189 986 3259 Staphylum
1018 3189 1132 3256 (Bacchi
1156 3191 1188 3241 fi-

62 3265 139 3329 lium,
156 3262 244 3330 Apoll.
261 3264 293 3325 3,
311 3266 365 3314 996
382 3262 445 3328 ibiq.
462 3261 517 3314 sch.
536 3262 612 3314 Tact.
629 3262 663 3312 ad
680 3261 747 3326 Lyc.
765 3266 820 3312 570
838 3280 864 3329 p.
882 3262 958 3329 681.)
977 3263 1004 3314 in
1021 3262 1069 3314 bac
1086 3277 1114 3312 re
1131 3261 1189 3328 ipse

60 3341 188 3389 memorat
210 3335 284 3386 Serv.
306 3333 339 3384 ad
364 3334 415 3386 Ge·
434 3335 451 3386 l.
469 3335 487 3386 l.
504 3340 531 3386 et
547 3333 627 3388 Proh.
644 3332 706 3384 ibid
724 3359 760 3372 -
795 3333 902 3386 Orestes
920 3333 1027 3387 Acheloi
1041 3334 1076 3385 su.
1095 3347 1188 3383 occur-

63 3410 97 3461 rit
113 3424 159 3474 ap.
176 3403 298 3472 Apollod.
316 3408 347 3468 1,
365 3410 396 3470 7,
414 3408 432 3456 3
450 3406 508 3468 56.
526 3432 563 3445 -
597 3404 687 3468 Oenea)
713 3403 785 3457 Codc
818 3404 892 3459 Ocni.
917 3406 1007 3457 Oenus
1030 3407 1070 3458 est
1093 3417 1186 3454 nomen

60 3481 194 3532 dommum
211 3474 301 3528 Norici
319 3482 345 3527 et
360 3475 507 3528 Laconicae
524 3474 634 3542 (Tacta.
651 3473 685 3527 ad
709 3473 775 3542 Lyc.
793 3479 848 3528 65⁰
863 3493 891 3545 p.
907 3476 976 3545 678)
1000 3481 1026 3530 et
1049 3474 1143 3527 montis
1159 3474 1187 3527 in

60 3549 189 3604 Arcadiae
205 3553 233 3600 et
250 3547 370 3612 Sicyonis
392 3547 484 3599 finibus
500 3548 553 3600 siti.
1186 3576 1189 3581 ·

94 3691 154 3758 '88
197 3672 391 3754 Loct'aot.
413 3707 516 3753 narr.
538 3685 644 3752 sabb.
669 3684 770 3767 11‚3
820 3634 930 3766 .363,
961 3686 1012 3755 cf.
1034 3687 1146 3756 Sere.

155 3772 205 3858 aa
233 3775 296 3841 Aa.
319 3774 379 3853 10,
402 3772 474 3839 142.
506 3772 708 3863 mythogr.
729 3770 778 3852 11,
798 3709 871 3839 iu.
890 3772 957 3849 111,
979 3773 1039 3855 10,
1059 3775 1091 3841 s.

131 3887 170 3937 10
185 3881 214 3932 iu
241 3877 331 3932 slbaola
362 3879 459 3945 monte)
487 3877 608 3929 Tmolum
640 3887 753 3930 montem
776 3879 880 3951 Lydiae
904 3878 1048 3932 comitatus
1071 3877 1188 3932 Bacchis

59 3962 163 4037 aea
180 3952 274 4018 Μ’
292 3951 326 4004 ⁸⁶
343 3965 419 4018 ...m
437 3949 1050 4076 ¹..llfflssl‘biidfflllllalilla?
1065 3951 1188 4074 ”leet

63 4026 186 4167 glyhdcaleiee:
203 4024 273 4147 iffi
290 4036 426 4161 giarijgenra?
446 4054 531 4146 Idem:
557 4038 676 4144 iremus
697 4090 807 4160 Lyciae.
842 4093 915 4159 Lege
932 4038 1071 4161 (ἐγώ).
1112 4093 1187 4147 Adde
1254 4056 1258 4064 ⁸

62 4169 143 4222 Solio.
160 4171 198 4219 4⁰
215 4184 242 4234 p.
257 4168 312 4218 338
331 4166 421 4217 Gaea:
457 4166 536 4215 Mona
553 4162 657 4231 Lydiae
680 4162 802 4219 Tucim,
824 4180 899 4215 croco
915 4163 1141 4231 florentissimus.
1156 4190 1195 4202 —

63 4242 94 4293 ll
111 4239 232 4292 moriter
251 4234 327 4307 ejus)
345 4236 371 4287 ei
391 4234 506 4308 aufugit
526 4233 618 4301 Lacu,
635 4232 688 4303 ,obt
703 4234 851 4290 staverem
875 4230 911 4286 τὸ
931 4233 978 4296 ei.
999 4232 1113 4296 mouit,
1135 4231 1220 4280 oses
