<?xml version="1.0" encoding="UTF-8"?>
<!DOCTYPE html PUBLIC "-//W3C//DTD XHTML 1.0 Transitional//EN"
    "http://www.w3.org/TR/xhtml1/DTD/xhtml1-transitional.dtd">
<html xmlns="http://www.w3.org/1999/xhtml" xml:lang="en" lang="en">
 <head>
  <title>
</title>
<meta http-equiv="Content-Type" content="text/html;charset=utf-8" />
  <meta name='ocr-system' content='tesseract 3.04.00' />
  <meta name='ocr-capabilities' content='ocr_page ocr_carea ocr_par ocr_line ocrx_word'/>
</head>
<body>
  <div class='ocr_page' id='page_1' title='image "./scriptoresrereu00bodegoog_0217.png"; bbox 0 0 2684 4606; ppageno 0'>
   <div class='ocr_carea' id='block_1_1' title="bbox 151 175 976 282">
    <p class='ocr_par' dir='ltr' id='par_1_1' title="bbox 151 175 976 282">
     <span class='ocr_line' id='line_1_1' title="bbox 151 175 976 282; baseline -0.002 -25"><span class='ocrx_word' id='word_1_1' title='bbox 151 176 233 257; x_wconf 82' lang='lat' dir='ltr'>aaa</span> <span class='ocrx_word' id='word_1_2' title='bbox 470 176 656 282; x_wconf 53' lang='lat' dir='ltr'>upum.</span> <span class='ocrx_word' id='word_1_3' title='bbox 682 176 757 257; x_wconf 89' lang='lat' dir='ltr'>m.</span> <span class='ocrx_word' id='word_1_4' title='bbox 810 175 852 253; x_wconf 91' lang='lat' dir='ltr'>o.</span> <span class='ocrx_word' id='word_1_5' title='bbox 906 178 976 255; x_wconf 79' lang='lat' dir='ltr'>so.</span> 
     </span>
    </p>
   </div>
   <div class='ocr_carea' id='block_1_2' title="bbox 24 360 1339 4307">
    <p class='ocr_par' dir='ltr' id='par_1_2' title="bbox 24 360 1339 4307">
     <span class='ocr_line' id='line_1_2' title="bbox 152 360 1294 454; baseline 0.003 -23"><span class='ocrx_word' id='word_1_6' title='bbox 152 362 307 454; x_wconf 90' lang='lat' dir='ltr'>optantis,</span> <span class='ocrx_word' id='word_1_7' title='bbox 338 381 402 429; x_wconf 89' lang='lat' dir='ltr'>uon</span> <span class='ocrx_word' id='word_1_8' title='bbox 419 360 646 430; x_wconf 85' lang='lat' dir='ltr'>maledicentis</span> <span class='ocrx_word' id='word_1_9' title='bbox 662 370 736 445; x_wconf 76' lang='lat' dir='ltr'>est.</span> <span class='ocrx_word' id='word_1_10' title='bbox 778 362 864 431; x_wconf 83' lang='lat' dir='ltr'>Sunt</span> <span class='ocrx_word' id='word_1_11' title='bbox 889 374 999 431; x_wconf 89' lang='lat' dir='ltr'>autem</span> <span class='ocrx_word' id='word_1_12' title='bbox 1022 360 1106 429; x_wconf 86' lang='lat' dir='ltr'>baec</span> <span class='ocrx_word' id='word_1_13' title='bbox 1126 362 1294 434; x_wconf 81' lang='lat' dir='ltr'>maledieta</span> 
     </span>
     <span class='ocr_line' id='line_1_3' title="bbox 94 448 1251 599; baseline -0.001 -82"><span class='ocrx_word' id='word_1_14' title='bbox 94 498 98 503; x_wconf 94' lang='lat'>-</span> <span class='ocrx_word' id='word_1_15' title='bbox 151 472 212 541; x_wconf 86' lang='lat' dir='ltr'>per</span> <span class='ocrx_word' id='word_1_16' title='bbox 239 450 432 517; x_wconf 87' lang='lat' dir='ltr'>eontrarium</span> <span class='ocrx_word' id='word_1_17' title='bbox 460 450 606 599; x_wconf 68' lang='lat' dir='ltr'>iurqnta,</span> <span class='ocrx_word' id='word_1_18' title='bbox 635 457 672 515; x_wconf 93' lang='lat' dir='ltr'>ut</span> <span class='ocrx_word' id='word_1_19' title='bbox 701 448 742 515; x_wconf 88' lang='lat' dir='ltr'>sit</span> <span class='ocrx_word' id='word_1_20' title='bbox 764 448 857 538; x_wconf 80' lang='lat' dir='ltr'>quasi</span> <span class='ocrx_word' id='word_1_21' title='bbox 877 448 964 553; x_wconf 72' lang='lat' dir='ltr'>salva</span> <span class='ocrx_word' id='word_1_22' title='bbox 984 450 1158 521; x_wconf 80' lang='lat' dir='ltr'>veneratio.</span> <span class='ocrx_word' id='word_1_23' title='bbox 1191 452 1251 519; x_wconf 53' lang='lat' dir='ltr'>*Er</span> 
     </span>
     <span class='ocr_line' id='line_1_4' title="bbox 152 533 1296 712; baseline 0.003 -24"><span class='ocrx_word' id='word_1_24' title='bbox 152 533 490 698; x_wconf 52' lang='lat' dir='ltr'>bblllidbilbbdboebil?</span> <span class='ocrx_word' id='word_1_25' title='bbox 504 534 1296 712; x_wconf 49' lang='lat' dir='ltr'>qqqqtsquqflnppqeeqpppnqlquranqueadqqqnzqtaq:</span> 
     </span>
     <span class='ocr_line' id='line_1_5' title="bbox 24 705 1295 797; baseline 0.002 -24"><span class='ocrx_word' id='word_1_26' title='bbox 24 760 29 773; x_wconf 94' lang='grc'><em>,</em></span> <span class='ocrx_word' id='word_1_27' title='bbox 128 728 237 781; x_wconf 75' lang='lat' dir='ltr'>amur.</span> <span class='ocrx_word' id='word_1_28' title='bbox 277 705 372 794; x_wconf 80' lang='lat' dir='ltr'>Apud</span> <span class='ocrx_word' id='word_1_29' title='bbox 402 706 504 771; x_wconf 83' lang='lat' dir='ltr'>varias</span> <span class='ocrx_word' id='word_1_30' title='bbox 535 706 630 772; x_wconf 89' lang='lat' dir='ltr'>etiam</span> <span class='ocrx_word' id='word_1_31' title='bbox 659 718 775 790; x_wconf 80' lang='lat' dir='ltr'><strong>gentes</strong></span> <span class='ocrx_word' id='word_1_32' title='bbox 804 706 930 773; x_wconf 81' lang='lat' dir='ltr'>diversa</span> <span class='ocrx_word' id='word_1_33' title='bbox 949 707 1080 774; x_wconf 82' lang='lat' dir='ltr'>luerunt</span> <span class='ocrx_word' id='word_1_34' title='bbox 1098 730 1225 797; x_wconf 80' lang='lat' dir='ltr'>genera</span> <span class='ocrx_word' id='word_1_35' title='bbox 1246 732 1295 775; x_wconf 85' lang='lat' dir='ltr'>se·</span> 
     </span>
     <span class='ocr_line' id='line_1_6' title="bbox 152 790 1296 883; baseline 0.001 -24"><span class='ocrx_word' id='word_1_36' title='bbox 152 793 310 883; x_wconf 84' lang='lat' dir='ltr'>pulturae.</span> <span class='ocrx_word' id='word_1_37' title='bbox 360 790 439 857; x_wconf 82' lang='lat' dir='ltr'>Alibi</span> <span class='ocrx_word' id='word_1_38' title='bbox 470 790 553 857; x_wconf 89' lang='lat' dir='ltr'>euim</span> <span class='ocrx_word' id='word_1_39' title='bbox 584 791 820 871; x_wconf 78' lang='lat' dir='ltr'>obruebantur,</span> <span class='ocrx_word' id='word_1_40' title='bbox 853 792 927 859; x_wconf 91' lang='lat' dir='ltr'>alibi</span> <span class='ocrx_word' id='word_1_41' title='bbox 955 794 1192 877; x_wconf 72' lang='lat' dir='ltr'>exurebantur,</span> <span class='ocrx_word' id='word_1_42' title='bbox 1223 794 1296 861; x_wconf 88' lang='lat' dir='ltr'>alibi</span> 
     </span>
     <span class='ocr_line' id='line_1_7' title="bbox 152 874 1322 1028; baseline 0.003 -84"><span class='ocrx_word' id='word_1_43' title='bbox 152 880 272 969; x_wconf 89' lang='lat' dir='ltr'>primas</span> <span class='ocrx_word' id='word_1_44' title='bbox 292 877 536 945; x_wconf 75' lang='lat' dir='ltr'>remittebantur</span> <span class='ocrx_word' id='word_1_45' title='bbox 555 874 754 1028; x_wconf 49' lang='lat' dir='ltr'>aquatrias,</span> <span class='ocrx_word' id='word_1_46' title='bbox 783 877 856 943; x_wconf 83' lang='lat' dir='ltr'>abbi</span> <span class='ocrx_word' id='word_1_47' title='bbox 884 878 981 945; x_wconf 90' lang='lat' dir='ltr'>etiam</span> <span class='ocrx_word' id='word_1_48' title='bbox 1007 900 1066 966; x_wconf 89' lang='lat' dir='ltr'>per</span> <span class='ocrx_word' id='word_1_49' title='bbox 1089 879 1197 961; x_wconf 88' lang='lat' dir='ltr'>diem,</span> <span class='ocrx_word' id='word_1_50' title='bbox 1224 880 1322 947; x_wconf 87' lang='lat' dir='ltr'>alibi&#39;</span> 
     </span>
     <span class='ocr_line' id='line_1_8' title="bbox 153 961 1298 1065; baseline 0.002 -36"><span class='ocrx_word' id='word_1_51' title='bbox 153 985 214 1054; x_wconf 88' lang='lat' dir='ltr'>per</span> <span class='ocrx_word' id='word_1_52' title='bbox 240 976 376 1031; x_wconf 84' lang='lat' dir='ltr'>noctem</span> <span class='ocrx_word' id='word_1_53' title='bbox 425 962 510 1029; x_wconf 92' lang='lat' dir='ltr'>Nam</span> <span class='ocrx_word' id='word_1_54' title='bbox 532 985 576 1027; x_wconf 91' lang='lat' dir='ltr'>ue</span> <span class='ocrx_word' id='word_1_55' title='bbox 641 961 808 1043; x_wconf 88' lang='lat' dir='ltr'>eraclitus,</span> <span class='ocrx_word' id='word_1_56' title='bbox 839 963 892 1065; x_wconf 93' lang='lat' dir='ltr'>qui</span> <span class='ocrx_word' id='word_1_57' title='bbox 925 964 1030 1030; x_wconf 89' lang='lat' dir='ltr'>omnia</span> <span class='ocrx_word' id='word_1_58' title='bbox 1058 965 1124 1033; x_wconf 87' lang='lat' dir='ltr'>rult</span> <span class='ocrx_word' id='word_1_59' title='bbox 1154 988 1197 1033; x_wconf 84' lang='lat' dir='ltr'>ex</span> <span class='ocrx_word' id='word_1_60' title='bbox 1220 964 1298 1055; x_wconf 73' lang='lat' dir='ltr'>igue</span> 
     </span>
     <span class='ocr_line' id='line_1_9' title="bbox 154 986 1339 1137; baseline 0.005 -22"><span class='ocrx_word' id='word_1_61' title='bbox 154 1061 321 1131; x_wconf 87' lang='lat' dir='ltr'>consture,</span> <span class='ocrx_word' id='word_1_62' title='bbox 351 1047 447 1128; x_wconf 91' lang='lat' dir='ltr'>dicit,</span> <span class='ocrx_word' id='word_1_63' title='bbox 478 986 598 1113; x_wconf 80' lang='lat' dir='ltr'>debere</span> <span class='ocrx_word' id='word_1_64' title='bbox 625 1069 762 1137; x_wconf 86' lang='lat' dir='ltr'>corpora</span> <span class='ocrx_word' id='word_1_65' title='bbox 789 1048 821 1113; x_wconf 91' lang='lat' dir='ltr'>in</span> <span class='ocrx_word' id='word_1_66' title='bbox 851 1069 960 1137; x_wconf 82' lang='lat' dir='ltr'>agnem</span> <span class='ocrx_word' id='word_1_67' title='bbox 987 1050 1111 1119; x_wconf 81' lang='lat' dir='ltr'>resolvi.</span> <span class='ocrx_word' id='word_1_68' title='bbox 1175 1050 1339 1121; x_wconf 81' lang='lat' dir='ltr'>&#39;l&#39;bales&#39;&#39;</span> 
     </span>
     <span class='ocr_line' id='line_1_10' title="bbox 111 1132 1297 1225; baseline 0.001 -20"><span class='ocrx_word' id='word_1_69' title='bbox 111 1135 315 1213; x_wconf 81' lang='lat' dir='ltr'>tulllilesius,</span> <span class='ocrx_word' id='word_1_70' title='bbox 342 1134 396 1222; x_wconf 91' lang='lat' dir='ltr'>qui</span> <span class='ocrx_word' id='word_1_71' title='bbox 418 1133 523 1199; x_wconf 92' lang='lat' dir='ltr'>omnia</span> <span class='ocrx_word' id='word_1_72' title='bbox 544 1155 584 1199; x_wconf 89' lang='lat' dir='ltr'>ex</span> <span class='ocrx_word' id='word_1_73' title='bbox 606 1132 741 1200; x_wconf 89' lang='lat' dir='ltr'>humore</span> <span class='ocrx_word' id='word_1_74' title='bbox 764 1136 866 1201; x_wconf 83' lang='lat' dir='ltr'>creari</span> <span class='ocrx_word' id='word_1_75' title='bbox 885 1135 1069 1217; x_wconf 87' lang='lat' dir='ltr'>confirmat,</span> <span class='ocrx_word' id='word_1_76' title='bbox 1101 1158 1243 1225; x_wconf 87' lang='lat' dir='ltr'>corpora</span> <span class='ocrx_word' id='word_1_77' title='bbox 1261 1148 1297 1207; x_wconf 92' lang='lat' dir='ltr'>ut</span> 
     </span>
     <span class='ocr_line' id='line_1_11' title="bbox 72 1217 1298 1327; baseline 0.002 -39"><span class='ocrx_word' id='word_1_78' title='bbox 72 1247 76 1263; x_wconf 74' lang='lat'><strong><em>¹</em></strong></span> <span class='ocrx_word' id='word_1_79' title='bbox 152 1221 186 1289; x_wconf 89' lang='lat' dir='ltr'>in</span> <span class='ocrx_word' id='word_1_80' title='bbox 213 1220 382 1286; x_wconf 86' lang='lat' dir='ltr'>humorem</span> <span class='ocrx_word' id='word_1_81' title='bbox 416 1218 632 1300; x_wconf 83' lang='lat' dir='ltr'>resolvantur,</span> <span class='ocrx_word' id='word_1_82' title='bbox 664 1217 831 1285; x_wconf 85' lang='lat' dir='ltr'>obruenda</span> <span class='ocrx_word' id='word_1_83' title='bbox 868 1220 1041 1288; x_wconf 81' lang='lat' dir='ltr'>contendit.</span> <span class='ocrx_word' id='word_1_84' title='bbox 1090 1222 1183 1291; x_wconf 75' lang='lat' dir='ltr'>Sane</span> <span class='ocrx_word' id='word_1_85' title='bbox 1212 1222 1298 1327; x_wconf 87' lang='lat' dir='ltr'>apud</span> 
     </span>
     <span class='ocr_line' id='line_1_12' title="bbox 153 1303 1339 1399; baseline 0.003 -25"><span class='ocrx_word' id='word_1_86' title='bbox 153 1306 347 1393; x_wconf 75' lang='lat' dir='ltr'>antiquiores</span> <span class='ocrx_word' id='word_1_87' title='bbox 378 1326 449 1371; x_wconf 88' lang='lat' dir='ltr'>mos</span> <span class='ocrx_word' id='word_1_88' title='bbox 487 1315 557 1372; x_wconf 88' lang='lat' dir='ltr'>erat</span> <span class='ocrx_word' id='word_1_89' title='bbox 582 1304 616 1371; x_wconf 92' lang='lat' dir='ltr'>in</span> <span class='ocrx_word' id='word_1_90' title='bbox 644 1303 797 1392; x_wconf 77' lang='lat' dir='ltr'>sepulcris</span> <span class='ocrx_word' id='word_1_91' title='bbox 826 1304 965 1372; x_wconf 84' lang='lat' dir='ltr'>virorum</span> <span class='ocrx_word' id='word_1_92' title='bbox 994 1306 1122 1374; x_wconf 87' lang='lat' dir='ltr'>sortium</span> <span class='ocrx_word' id='word_1_93' title='bbox 1154 1320 1297 1399; x_wconf 79' lang='lat' dir='ltr'>napuras</span> <span class='ocrx_word' id='word_1_94' title='bbox 1337 1354 1339 1363; x_wconf 72' lang='lat'><em>=</em></span> 
     </span>
     <span class='ocr_line' id='line_1_13' title="bbox 152 1387 1332 1483; baseline 0.004 -24"><span class='ocrx_word' id='word_1_95' title='bbox 152 1413 289 1473; x_wconf 85' lang='lat' dir='ltr'>necare;</span> <span class='ocrx_word' id='word_1_96' title='bbox 324 1388 412 1479; x_wconf 92' lang='lat' dir='ltr'>quod</span> <span class='ocrx_word' id='word_1_97' title='bbox 441 1398 475 1457; x_wconf 87' lang='lat' dir='ltr'>et</span> <span class='ocrx_word' id='word_1_98' title='bbox 499 1412 519 1457; x_wconf 92' lang='lat' dir='ltr'>a</span> <span class='ocrx_word' id='word_1_99' title='bbox 542 1387 586 1455; x_wconf 94' lang='lat' dir='ltr'>ud</span> <span class='ocrx_word' id='word_1_100' title='bbox 616 1389 796 1456; x_wconf 86' lang='lat' dir='ltr'>Homerum</span> <span class='ocrx_word' id='word_1_101' title='bbox 821 1391 852 1456; x_wconf 89' lang='lat' dir='ltr'>in</span> <span class='ocrx_word' id='word_1_102' title='bbox 882 1392 1022 1460; x_wconf 88' lang='lat' dir='ltr'>Patrocli</span> <span class='ocrx_word' id='word_1_103' title='bbox 1042 1393 1187 1483; x_wconf 87' lang='lat' dir='ltr'>exequiis</span> <span class='ocrx_word' id='word_1_104' title='bbox 1208 1418 1332 1477; x_wconf 64' lang='lat' dir='ltr'>cone,</span> 
     </span>
     <span class='ocr_line' id='line_1_14' title="bbox 152 1414 1298 1631; baseline 0.006 -87"><span class='ocrx_word' id='word_1_105' title='bbox 152 1478 272 1631; x_wconf 81' lang='lat' dir='ltr'>pletum</span> <span class='ocrx_word' id='word_1_106' title='bbox 291 1476 443 1564; x_wconf 79' lang='lat' dir='ltr'>legimus,</span> <span class='ocrx_word' id='word_1_107' title='bbox 466 1485 500 1544; x_wconf 91' lang='lat' dir='ltr'>et</span> <span class='ocrx_word' id='word_1_108' title='bbox 519 1414 672 1562; x_wconf 82' lang='lat' dir='ltr'>llirgilius</span> <span class='ocrx_word' id='word_1_109' title='bbox 692 1477 724 1541; x_wconf 92' lang='lat' dir='ltr'>in</span> <span class='ocrx_word' id='word_1_110' title='bbox 745 1475 898 1545; x_wconf 87' lang='lat' dir='ltr'>Pallantis</span> <span class='ocrx_word' id='word_1_111' title='bbox 921 1479 1037 1546; x_wconf 84' lang='lat' dir='ltr'>lunare</span> <span class='ocrx_word' id='word_1_112' title='bbox 1058 1493 1298 1551; x_wconf 74' lang='lat' dir='ltr'>commemorer.</span> 
     </span>
     <span class='ocr_line' id='line_1_15' title="bbox 111 1560 1297 1653; baseline 0.005 -23"><span class='ocrx_word' id='word_1_113' title='bbox 111 1588 147 1638; x_wconf 75' lang='lat' dir='ltr'>aa</span> <span class='ocrx_word' id='word_1_114' title='bbox 171 1562 192 1630; x_wconf 96' lang='lat' dir='ltr'>d</span> <span class='ocrx_word' id='word_1_115' title='bbox 221 1575 330 1631; x_wconf 91' lang='lat' dir='ltr'>autem</span> <span class='ocrx_word' id='word_1_116' title='bbox 358 1562 412 1627; x_wconf 90' lang='lat' dir='ltr'>ubi</span> <span class='ocrx_word' id='word_1_117' title='bbox 442 1561 534 1629; x_wconf 89' lang='lat' dir='ltr'>nimis</span> <span class='ocrx_word' id='word_1_118' title='bbox 561 1560 694 1628; x_wconf 85' lang='lat' dir='ltr'>crudele</span> <span class='ocrx_word' id='word_1_119' title='bbox 723 1562 824 1629; x_wconf 88' lang='lat' dir='ltr'>risum</span> <span class='ocrx_word' id='word_1_120' title='bbox 853 1576 918 1639; x_wconf 85' lang='lat' dir='ltr'>est,</span> <span class='ocrx_word' id='word_1_121' title='bbox 954 1563 1073 1653; x_wconf 89' lang='lat' dir='ltr'>placuit</span> <span class='ocrx_word' id='word_1_122' title='bbox 1099 1565 1297 1653; x_wconf 73' lang='lat' dir='ltr'>gladiatores</span> 
     </span>
     <span class='ocr_line' id='line_1_16' title="bbox 153 1644 1298 1736; baseline 0.003 -19"><span class='ocrx_word' id='word_1_123' title='bbox 153 1661 229 1717; x_wconf 90' lang='lat' dir='ltr'>aute</span> <span class='ocrx_word' id='word_1_124' title='bbox 255 1646 402 1736; x_wconf 87' lang='lat' dir='ltr'>sepulcra</span> <span class='ocrx_word' id='word_1_125' title='bbox 432 1646 602 1727; x_wconf 90' lang='lat' dir='ltr'>dimicare,</span> <span class='ocrx_word' id='word_1_126' title='bbox 634 1644 690 1735; x_wconf 93' lang='lat' dir='ltr'>qui</span> <span class='ocrx_word' id='word_1_127' title='bbox 720 1670 751 1713; x_wconf 91' lang='lat' dir='ltr'>a·</span> <span class='ocrx_word' id='word_1_128' title='bbox 775 1648 874 1716; x_wconf 86' lang='lat' dir='ltr'>bustis</span> <span class='ocrx_word' id='word_1_129' title='bbox 902 1646 1081 1714; x_wconf 82' lang='lat' dir='ltr'>bustuarii</span> <span class='ocrx_word' id='word_1_130' title='bbox 1108 1649 1188 1720; x_wconf 88' lang='lat' dir='ltr'>dicti</span> <span class='ocrx_word' id='word_1_131' title='bbox 1215 1664 1298 1722; x_wconf 86' lang='lat' dir='ltr'>sunt.</span> 
     </span>
     <span class='ocr_line' id='line_1_17' title="bbox 151 1731 1297 1826; baseline 0.004 -24"><span class='ocrx_word' id='word_1_132' title='bbox 151 1735 226 1803; x_wconf 90' lang='lat' dir='ltr'>Nec</span> <span class='ocrx_word' id='word_1_133' title='bbox 245 1735 377 1813; x_wconf 89' lang='lat' dir='ltr'>mirum,</span> <span class='ocrx_word' id='word_1_134' title='bbox 398 1732 526 1812; x_wconf 84' lang='lat' dir='ltr'>inieris,</span> <span class='ocrx_word' id='word_1_135' title='bbox 548 1732 582 1801; x_wconf 90' lang='lat' dir='ltr'>id</span> <span class='ocrx_word' id='word_1_136' title='bbox 604 1742 656 1798; x_wconf 89' lang='lat' dir='ltr'>est</span> <span class='ocrx_word' id='word_1_137' title='bbox 671 1731 848 1800; x_wconf 80' lang='lat' dir='ltr'>inferorum</span> <span class='ocrx_word' id='word_1_138' title='bbox 866 1734 982 1814; x_wconf 86' lang='lat' dir='ltr'>sacris,</span> <span class='ocrx_word' id='word_1_139' title='bbox 1004 1735 1059 1823; x_wconf 92' lang='lat' dir='ltr'>qui</span> <span class='ocrx_word' id='word_1_140' title='bbox 1082 1738 1195 1826; x_wconf 87' lang='lat' dir='ltr'>utique</span> <span class='ocrx_word' id='word_1_141' title='bbox 1215 1736 1297 1807; x_wconf 82' lang='lat' dir='ltr'>noxii</span> 
     </span>
     <span class='ocr_line' id='line_1_18' title="bbox 151 1815 1298 1908; baseline 0.002 -20"><span class='ocrx_word' id='word_1_142' title='bbox 151 1832 242 1901; x_wconf 87' lang='lat' dir='ltr'>sunt,</span> <span class='ocrx_word' id='word_1_143' title='bbox 276 1817 419 1887; x_wconf 88' lang='lat' dir='ltr'>crudelia</span> <span class='ocrx_word' id='word_1_144' title='bbox 449 1816 603 1885; x_wconf 86' lang='lat' dir='ltr'>exhiberi.</span> <span class='ocrx_word' id='word_1_145' title='bbox 642 1815 729 1885; x_wconf 86' lang='lat' dir='ltr'>Nam</span> <span class='ocrx_word' id='word_1_146' title='bbox 758 1827 792 1886; x_wconf 87' lang='lat' dir='ltr'>et</span> <span class='ocrx_word' id='word_1_147' title='bbox 819 1819 973 1886; x_wconf 84' lang='lat' dir='ltr'>Varronis</span> <span class='ocrx_word' id='word_1_148' title='bbox 997 1820 1103 1908; x_wconf 89' lang='lat' dir='ltr'>opinio</span> <span class='ocrx_word' id='word_1_149' title='bbox 1127 1834 1196 1907; x_wconf 88' lang='lat' dir='ltr'>est,</span> <span class='ocrx_word' id='word_1_150' title='bbox 1224 1824 1298 1893; x_wconf 87' lang='lat' dir='ltr'>ideo</span> 
     </span>
     <span class='ocr_line' id='line_1_19' title="bbox 150 1902 1338 1983; baseline -0.003 -9"><span class='ocrx_word' id='word_1_151' title='bbox 150 1907 299 1974; x_wconf 89' lang='lat' dir='ltr'>mulieres</span> <span class='ocrx_word' id='word_1_152' title='bbox 316 1906 348 1971; x_wconf 91' lang='lat' dir='ltr'>in</span> <span class='ocrx_word' id='word_1_153' title='bbox 369 1904 481 1971; x_wconf 83' lang='lat' dir='ltr'>sunere</span> <span class='ocrx_word' id='word_1_154' title='bbox 501 1925 560 1970; x_wconf 90' lang='lat' dir='ltr'>ora</span> <span class='ocrx_word' id='word_1_155' title='bbox 586 1902 749 1983; x_wconf 89' lang='lat' dir='ltr'>lacerare,</span> <span class='ocrx_word' id='word_1_156' title='bbox 777 1915 815 1972; x_wconf 92' lang='lat' dir='ltr'>ut</span> <span class='ocrx_word' id='word_1_157' title='bbox 844 1905 953 1971; x_wconf 80' lang='lat' dir='ltr'>insede</span> <span class='ocrx_word' id='word_1_158' title='bbox 981 1917 1113 1974; x_wconf 82' lang='lat' dir='ltr'>ostenso</span> <span class='ocrx_word' id='word_1_159' title='bbox 1140 1933 1178 1977; x_wconf 89' lang='lat' dir='ltr'>sa</span> <span class='ocrx_word' id='word_1_160' title='bbox 1248 1911 1298 1979; x_wconf 89' lang='lat' dir='ltr'>inc</span> <span class='ocrx_word' id='word_1_161' title='bbox 1336 1958 1338 1971; x_wconf 92' lang='lat'><em>.</em></span> 
     </span>
     <span class='ocr_line' id='line_1_20' title="bbox 45 1987 1228 2082; baseline 0.003 -24"><span class='ocrx_word' id='word_1_162' title='bbox 45 2026 48 2033; x_wconf 93' lang='lat'>·</span> <span class='ocrx_word' id='word_1_163' title='bbox 109 1992 229 2069; x_wconf 67' lang='lat' dir='ltr'>sonatis</span> <span class='ocrx_word' id='word_1_164' title='bbox 245 1993 310 2059; x_wconf 87' lang='lat' dir='ltr'>fiat.</span> <span class='ocrx_word' id='word_1_165' title='bbox 350 1987 433 2055; x_wconf 89' lang='lat' dir='ltr'>Inde</span> <span class='ocrx_word' id='word_1_166' title='bbox 461 1999 495 2057; x_wconf 90' lang='lat' dir='ltr'>et</span> <span class='ocrx_word' id='word_1_167' title='bbox 522 2011 579 2055; x_wconf 87' lang='lat' dir='ltr'>eos</span> <span class='ocrx_word' id='word_1_168' title='bbox 599 2010 710 2055; x_wconf 87' lang='lat' dir='ltr'>manes</span> <span class='ocrx_word' id='word_1_169' title='bbox 730 2010 791 2077; x_wconf 92' lang='lat' dir='ltr'>per</span> <span class='ocrx_word' id='word_1_170' title='bbox 811 1990 1005 2081; x_wconf 87' lang='lat' dir='ltr'>antiphrasin</span> <span class='ocrx_word' id='word_1_171' title='bbox 1028 2015 1047 2058; x_wconf 92' lang='lat' dir='ltr'>a</span> <span class='ocrx_word' id='word_1_172' title='bbox 1067 1996 1174 2082; x_wconf 66' lang='lat' dir='ltr'>poetis</span> <span class='ocrx_word' id='word_1_173' title='bbox 1219 1998 1228 2014; x_wconf 90' lang='lat'>&#39;</span> 
     </span>
     <span class='ocr_line' id='line_1_21' title="bbox 151 2074 1297 2167; baseline 0.005 -23"><span class='ocrx_word' id='word_1_174' title='bbox 151 2100 224 2144; x_wconf 88' lang='lat' dir='ltr'>esse</span> <span class='ocrx_word' id='word_1_175' title='bbox 243 2076 398 2164; x_wconf 77' lang='lat' dir='ltr'>legimus3</span> <span class='ocrx_word' id='word_1_176' title='bbox 422 2095 551 2141; x_wconf 88' lang='lat' dir='ltr'>manum</span> <span class='ocrx_word' id='word_1_177' title='bbox 572 2074 656 2140; x_wconf 89' lang='lat' dir='ltr'>enim</span> <span class='ocrx_word' id='word_1_178' title='bbox 672 2074 791 2142; x_wconf 90' lang='lat' dir='ltr'>bonum</span> <span class='ocrx_word' id='word_1_179' title='bbox 811 2088 870 2145; x_wconf 87' lang='lat' dir='ltr'>est</span> <span class='ocrx_word' id='word_1_180' title='bbox 908 2076 1005 2143; x_wconf 91' lang='lat' dir='ltr'>Unde</span> <span class='ocrx_word' id='word_1_181' title='bbox 1019 2077 1114 2167; x_wconf 85' lang='lat' dir='ltr'>juxta</span> <span class='ocrx_word' id='word_1_182' title='bbox 1135 2081 1297 2151; x_wconf 80' lang='lat' dir='ltr'>Serrium:</span> 
     </span>
     <span class='ocr_line' id='line_1_22' title="bbox 149 2159 1299 2314; baseline 0.008 -88"><span class='ocrx_word' id='word_1_183' title='bbox 149 2164 281 2314; x_wconf 48' lang='lat' dir='ltr'>{dones</span> <span class='ocrx_word' id='word_1_184' title='bbox 310 2160 397 2247; x_wconf 82' lang='lat' dir='ltr'>quid</span> <span class='ocrx_word' id='word_1_185' title='bbox 423 2161 535 2245; x_wconf 84' lang='lat' dir='ltr'>euim,</span> <span class='ocrx_word' id='word_1_186' title='bbox 561 2159 681 2250; x_wconf 91' lang='lat' dir='ltr'>inquit,</span> <span class='ocrx_word' id='word_1_187' title='bbox 712 2160 868 2228; x_wconf 79' lang='lat' dir='ltr'>melius?</span> <span class='ocrx_word' id='word_1_188' title='bbox 910 2160 979 2230; x_wconf 84' lang='lat' dir='ltr'>Sed</span> <span class='ocrx_word' id='word_1_189' title='bbox 1000 2177 1033 2232; x_wconf 93' lang='lat' dir='ltr'>et</span> <span class='ocrx_word' id='word_1_190' title='bbox 1054 2164 1204 2237; x_wconf 86' lang='lat' dir='ltr'>immanis</span> <span class='ocrx_word' id='word_1_191' title='bbox 1224 2168 1299 2237; x_wconf 85' lang='lat' dir='ltr'>inde</span> 
     </span>
     <span class='ocr_line' id='line_1_23' title="bbox 174 2249 1176 2317; baseline 0 -4"><span class='ocrx_word' id='word_1_192' title='bbox 174 2249 272 2317; x_wconf 89' lang='lat' dir='ltr'>ictum</span> <span class='ocrx_word' id='word_1_193' title='bbox 292 2255 351 2313; x_wconf 84' lang='lat' dir='ltr'>est</span> <span class='ocrx_word' id='word_1_194' title='bbox 1144 2270 1147 2275; x_wconf 90' lang='lat'>·</span> <span class='ocrx_word' id='word_1_195' title='bbox 1171 2300 1176 2313; x_wconf 94' lang='grc'><em>,</em></span> 
     </span>
     <span class='ocr_line' id='line_1_24' title="bbox 235 2326 1297 2422; baseline 0.009 -26"><span class='ocrx_word' id='word_1_196' title='bbox 235 2333 289 2399; x_wconf 85' lang='grc'>30.</span> <span class='ocrx_word' id='word_1_197' title='bbox 331 2328 426 2420; x_wconf 78' lang='lat' dir='ltr'>Atqui</span> <span class='ocrx_word' id='word_1_198' title='bbox 456 2327 500 2398; x_wconf 91' lang='lat' dir='ltr'>de</span> <span class='ocrx_word' id='word_1_199' title='bbox 531 2329 676 2398; x_wconf 90' lang='lat' dir='ltr'>manibus</span> <span class='ocrx_word' id='word_1_200' title='bbox 710 2326 806 2417; x_wconf 89' lang='lat' dir='ltr'>quid,</span> <span class='ocrx_word' id='word_1_201' title='bbox 838 2328 886 2397; x_wconf 88' lang='lat' dir='ltr'>rel</span> <span class='ocrx_word' id='word_1_202' title='bbox 914 2331 1097 2422; x_wconf 90' lang='lat' dir='ltr'>quomodo,</span> <span class='ocrx_word' id='word_1_203' title='bbox 1129 2336 1180 2405; x_wconf 83' lang='lat' dir='ltr'>rel</span> <span class='ocrx_word' id='word_1_204' title='bbox 1202 2336 1297 2417; x_wconf 86' lang='lat' dir='ltr'>unde,</span> 
     </span>
     <span class='ocr_line' id='line_1_25' title="bbox 109 2414 1297 2522; baseline 0.008 -38"><span class='ocrx_word' id='word_1_205' title='bbox 109 2418 200 2493; x_wconf 69' lang='lat' dir='ltr'>sorel</span> <span class='ocrx_word' id='word_1_206' title='bbox 219 2419 292 2497; x_wconf 92' lang='lat' dir='ltr'>ubi,</span> <span class='ocrx_word' id='word_1_207' title='bbox 315 2416 363 2481; x_wconf 88' lang='lat' dir='ltr'>rel</span> <span class='ocrx_word' id='word_1_208' title='bbox 384 2416 486 2483; x_wconf 85' lang='lat' dir='ltr'>sicubi</span> <span class='ocrx_word' id='word_1_209' title='bbox 506 2414 588 2497; x_wconf 90' lang='lat' dir='ltr'>sint,</span> <span class='ocrx_word' id='word_1_210' title='bbox 612 2416 719 2483; x_wconf 79' lang='lat' dir='ltr'>variae</span> <span class='ocrx_word' id='word_1_211' title='bbox 737 2415 867 2483; x_wconf 88' lang='lat' dir='ltr'>habitae</span> <span class='ocrx_word' id='word_1_212' title='bbox 888 2430 962 2486; x_wconf 89' lang='lat' dir='ltr'>sunt</span> <span class='ocrx_word' id='word_1_213' title='bbox 982 2420 1166 2522; x_wconf 84' lang='lat' dir='ltr'>opiniones,</span> <span class='ocrx_word' id='word_1_214' title='bbox 1186 2435 1223 2493; x_wconf 83' lang='lat' dir='ltr'>et</span> <span class='ocrx_word' id='word_1_215' title='bbox 1242 2447 1297 2517; x_wconf 89' lang='lat' dir='ltr'>op·</span> 
     </span>
     <span class='ocr_line' id='line_1_26' title="bbox 150 2499 1338 2596; baseline 0.008 -26"><span class='ocrx_word' id='word_1_216' title='bbox 150 2504 361 2596; x_wconf 73' lang='lat' dir='ltr'>peritissimae</span> <span class='ocrx_word' id='word_1_217' title='bbox 382 2503 585 2590; x_wconf 88' lang='lat' dir='ltr'>reperiuntur</span> <span class='ocrx_word' id='word_1_218' title='bbox 604 2499 810 2585; x_wconf 83' lang='lat' dir='ltr'>traditioncs;</span> <span class='ocrx_word' id='word_1_219' title='bbox 844 2526 925 2591; x_wconf 87' lang='lat' dir='ltr'>quas</span> <span class='ocrx_word' id='word_1_220' title='bbox 954 2529 1029 2594; x_wconf 77' lang='lat' dir='ltr'>quta</span> <span class='ocrx_word' id='word_1_221' title='bbox 1061 2530 1175 2576; x_wconf 90' lang='lat' dir='ltr'>omnes</span> <span class='ocrx_word' id='word_1_222' title='bbox 1195 2510 1297 2579; x_wconf 79' lang='lat' dir='ltr'>incer·</span> <span class='ocrx_word' id='word_1_223' title='bbox 1335 2536 1338 2561; x_wconf 87' lang='lat'>=</span> 
     </span>
     <span class='ocr_line' id='line_1_27' title="bbox 149 2586 1295 2677; baseline 0.003 -18"><span class='ocrx_word' id='word_1_224' title='bbox 149 2589 291 2659; x_wconf 86' lang='lat' dir='ltr'>titudinis</span> <span class='ocrx_word' id='word_1_225' title='bbox 311 2588 395 2654; x_wconf 87' lang='lat' dir='ltr'>sensi</span> <span class='ocrx_word' id='word_1_226' title='bbox 417 2587 630 2677; x_wconf 89' lang='lat' dir='ltr'>plenissimas,</span> <span class='ocrx_word' id='word_1_227' title='bbox 660 2586 775 2655; x_wconf 90' lang='lat' dir='ltr'>nullam</span> <span class='ocrx_word' id='word_1_228' title='bbox 798 2610 859 2677; x_wconf 91' lang='lat' dir='ltr'>pro</span> <span class='ocrx_word' id='word_1_229' title='bbox 880 2603 970 2658; x_wconf 85' lang='lat' dir='ltr'>certa</span> <span class='ocrx_word' id='word_1_230' title='bbox 994 2592 1203 2661; x_wconf 86' lang='lat' dir='ltr'>asserendam</span> <span class='ocrx_word' id='word_1_231' title='bbox 1224 2618 1295 2663; x_wconf 89' lang='lat' dir='ltr'>oen·</span> 
     </span>
     <span class='ocr_line' id='line_1_28' title="bbox 150 2672 1294 2764; baseline 0.006 -21"><span class='ocrx_word' id='word_1_232' title='bbox 150 2699 243 2755; x_wconf 89' lang='lat' dir='ltr'>sens,</span> <span class='ocrx_word' id='word_1_233' title='bbox 274 2672 317 2742; x_wconf 89' lang='lat' dir='ltr'>ad</span> <span class='ocrx_word' id='word_1_234' title='bbox 345 2672 528 2761; x_wconf 81' lang='lat' dir='ltr'>vulgariora</span> <span class='ocrx_word' id='word_1_235' title='bbox 554 2696 698 2740; x_wconf 88' lang='lat' dir='ltr'>recurro.</span> <span class='ocrx_word' id='word_1_236' title='bbox 738 2676 787 2741; x_wconf 79' lang='lat' dir='ltr'>Ac</span> <span class='ocrx_word' id='word_1_237' title='bbox 812 2675 949 2761; x_wconf 87' lang='lat' dir='ltr'>primum</span> <span class='ocrx_word' id='word_1_238' title='bbox 971 2678 1109 2764; x_wconf 89' lang='lat' dir='ltr'>quiade</span> <span class='ocrx_word' id='word_1_239' title='bbox 1131 2681 1294 2749; x_wconf 83' lang='lat' dir='ltr'>funeribus</span> 
     </span>
     <span class='ocr_line' id='line_1_29' title="bbox 152 2760 1294 2863; baseline 0.004 -35"><span class='ocrx_word' id='word_1_240' title='bbox 152 2764 295 2849; x_wconf 85' lang='lat' dir='ltr'>egimus,</span> <span class='ocrx_word' id='word_1_241' title='bbox 325 2782 366 2825; x_wconf 89' lang='lat' dir='ltr'>ne</span> <span class='ocrx_word' id='word_1_242' title='bbox 387 2761 567 2840; x_wconf 90' lang='lat' dir='ltr'>nominum,</span> <span class='ocrx_word' id='word_1_243' title='bbox 595 2781 733 2863; x_wconf 88' lang='lat' dir='ltr'>quorum</span> <span class='ocrx_word' id='word_1_244' title='bbox 756 2760 860 2827; x_wconf 89' lang='lat' dir='ltr'>abusu</span> <span class='ocrx_word' id='word_1_245' title='bbox 882 2762 1107 2832; x_wconf 82' lang='lat' dir='ltr'>contundimur</span> <span class='ocrx_word' id='word_1_246' title='bbox 1128 2766 1294 2855; x_wconf 82' lang='lat' dir='ltr'>ignorare·</span> 
     </span>
     <span class='ocr_line' id='line_1_30' title="bbox 109 2845 1293 2949; baseline 0.003 -34"><span class='ocrx_word' id='word_1_247' title='bbox 109 2848 196 2915; x_wconf 80' lang='lat' dir='ltr'>aeris</span> <span class='ocrx_word' id='word_1_248' title='bbox 220 2846 466 2936; x_wconf 84' lang='lat' dir='ltr'>proprietatem,</span> <span class='ocrx_word' id='word_1_249' title='bbox 491 2846 588 2912; x_wconf 85' lang='lat' dir='ltr'>sunus</span> <span class='ocrx_word' id='word_1_250' title='bbox 603 2856 698 2935; x_wconf 79' lang='lat' dir='ltr'>Juxta</span> <span class='ocrx_word' id='word_1_251' title='bbox 721 2845 868 2913; x_wconf 82' lang='lat' dir='ltr'>Serrium</span> <span class='ocrx_word' id='word_1_252' title='bbox 889 2850 1018 2949; x_wconf 87' lang='lat' dir='ltr'>proprie</span> <span class='ocrx_word' id='word_1_253' title='bbox 1033 2850 1162 2943; x_wconf 86' lang='lat' dir='ltr'>estjam</span> <span class='ocrx_word' id='word_1_254' title='bbox 1180 2854 1293 2921; x_wconf 87' lang='lat' dir='ltr'>ardens</span> 
     </span>
     <span class='ocr_line' id='line_1_31' title="bbox 151 2929 1291 3020; baseline 0.007 -19"><span class='ocrx_word' id='word_1_255' title='bbox 151 2931 307 3013; x_wconf 78' lang='lat' dir='ltr'>cadaver3</span> <span class='ocrx_word' id='word_1_256' title='bbox 341 2931 429 3019; x_wconf 92' lang='lat' dir='ltr'>quod</span> <span class='ocrx_word' id='word_1_257' title='bbox 456 2929 532 2998; x_wconf 89' lang='lat' dir='ltr'>dum</span> <span class='ocrx_word' id='word_1_258' title='bbox 563 2942 725 3017; x_wconf 87' lang='lat' dir='ltr'>portatur,</span> <span class='ocrx_word' id='word_1_259' title='bbox 754 2933 904 3020; x_wconf 84' lang='lat' dir='ltr'>exequias</span> <span class='ocrx_word' id='word_1_260' title='bbox 930 2935 1080 3017; x_wconf 78' lang='lat' dir='ltr'>ducimus3</span> <span class='ocrx_word' id='word_1_261' title='bbox 1107 2952 1291 3017; x_wconf 67' lang='lat' dir='ltr'>mennatum,</span> 
     </span>
     <span class='ocr_line' id='line_1_32' title="bbox 149 3014 1293 3121; baseline 0.004 -35"><span class='ocrx_word' id='word_1_262' title='bbox 149 3018 315 3121; x_wconf 81' lang='lat' dir='ltr'>reliquias3</span> <span class='ocrx_word' id='word_1_263' title='bbox 349 3014 512 3083; x_wconf 90' lang='lat' dir='ltr'>conditum</span> <span class='ocrx_word' id='word_1_264' title='bbox 537 3015 622 3103; x_wconf 88' lang='lat' dir='ltr'>jam,</span> <span class='ocrx_word' id='word_1_265' title='bbox 652 3039 689 3083; x_wconf 86' lang='lat' dir='ltr'>se</span> <span class='ocrx_word' id='word_1_266' title='bbox 712 3014 821 3095; x_wconf 84' lang='lat' dir='ltr'>ultum</span> <span class='ocrx_word' id='word_1_267' title='bbox 862 3018 1012 3099; x_wconf 90' lang='lat' dir='ltr'>Plutoni,</span> <span class='ocrx_word' id='word_1_268' title='bbox 1042 3023 1127 3091; x_wconf 87' lang='lat' dir='ltr'>sicut</span> <span class='ocrx_word' id='word_1_269' title='bbox 1150 3024 1220 3095; x_wconf 89' lang='lat' dir='ltr'>aliis</span> <span class='ocrx_word' id='word_1_270' title='bbox 1239 3046 1293 3091; x_wconf 89' lang='lat' dir='ltr'>nu·</span> 
     </span>
     <span class='ocr_line' id='line_1_33' title="bbox 149 3103 1292 3192; baseline 0.005 -19"><span class='ocrx_word' id='word_1_271' title='bbox 149 3104 304 3184; x_wconf 74' lang='lat' dir='ltr'>minibus,</span> <span class='ocrx_word' id='word_1_272' title='bbox 334 3103 440 3192; x_wconf 88' lang='lat' dir='ltr'>capite</span> <span class='ocrx_word' id='word_1_273' title='bbox 465 3103 570 3170; x_wconf 80' lang='lat' dir='ltr'>veluto</span> <span class='ocrx_word' id='word_1_274' title='bbox 592 3103 675 3170; x_wconf 90' lang='lat' dir='ltr'>sacri</span> <span class='ocrx_word' id='word_1_275' title='bbox 698 3104 842 3170; x_wconf 89' lang='lat' dir='ltr'>cabatur.</span> <span class='ocrx_word' id='word_1_276' title='bbox 883 3104 982 3179; x_wconf 80' lang='lat' dir='ltr'>Quod</span> <span class='ocrx_word' id='word_1_277' title='bbox 999 3106 1075 3174; x_wconf 89' lang='lat' dir='ltr'>ideo</span> <span class='ocrx_word' id='word_1_278' title='bbox 1097 3110 1131 3174; x_wconf 90' lang='lat' dir='ltr'>iu</span> <span class='ocrx_word' id='word_1_279' title='bbox 1152 3111 1292 3179; x_wconf 83' lang='lat' dir='ltr'>omnibus</span> 
     </span>
     <span class='ocr_line' id='line_1_34' title="bbox 150 3188 1292 3285; baseline 0.007 -29"><span class='ocrx_word' id='word_1_280' title='bbox 150 3191 251 3256; x_wconf 89' lang='lat' dir='ltr'>sacris</span> <span class='ocrx_word' id='word_1_281' title='bbox 281 3189 482 3255; x_wconf 83' lang='lat' dir='ltr'>observatum</span> <span class='ocrx_word' id='word_1_282' title='bbox 515 3197 582 3269; x_wconf 89' lang='lat' dir='ltr'>est,</span> <span class='ocrx_word' id='word_1_283' title='bbox 619 3210 661 3255; x_wconf 87' lang='lat' dir='ltr'>nc</span> <span class='ocrx_word' id='word_1_284' title='bbox 690 3210 727 3254; x_wconf 90' lang='lat' dir='ltr'>se</span> <span class='ocrx_word' id='word_1_285' title='bbox 756 3188 840 3256; x_wconf 91' lang='lat' dir='ltr'>inter</span> <span class='ocrx_word' id='word_1_286' title='bbox 867 3189 1054 3279; x_wconf 79' lang='lat' dir='ltr'>religionem</span> <span class='ocrx_word' id='word_1_287' title='bbox 1076 3193 1197 3285; x_wconf 87' lang='lat' dir='ltr'>aliquid</span> <span class='ocrx_word' id='word_1_288' title='bbox 1210 3196 1292 3285; x_wconf 74' lang='lat' dir='ltr'>ragis</span> 
     </span>
     <span class='ocr_line' id='line_1_35' title="bbox 109 3274 1293 3362; baseline 0.008 -21"><span class='ocrx_word' id='word_1_289' title='bbox 109 3277 286 3343; x_wconf 62' lang='lat' dir='ltr'>”offerret</span> <span class='ocrx_word' id='word_1_290' title='bbox 305 3275 490 3356; x_wconf 86' lang='lat' dir='ltr'>obtutibus,</span> <span class='ocrx_word' id='word_1_291' title='bbox 512 3274 655 3362; x_wconf 85' lang='lat' dir='ltr'>exceptis</span> <span class='ocrx_word' id='word_1_292' title='bbox 683 3284 791 3341; x_wconf 89' lang='lat' dir='ltr'>temen</span> <span class='ocrx_word' id='word_1_293' title='bbox 818 3276 1059 3359; x_wconf 88' lang='lat' dir='ltr'>Saturnalibus,</span> <span class='ocrx_word' id='word_1_294' title='bbox 1093 3302 1137 3346; x_wconf 87' lang='lat' dir='ltr'>ne</span> <span class='ocrx_word' id='word_1_295' title='bbox 1164 3282 1293 3353; x_wconf 85' lang='lat' dir='ltr'>uuminis</span> 
     </span>
     <span class='ocr_line' id='line_1_36' title="bbox 150 3359 1138 3435; baseline 0.003 -3"><span class='ocrx_word' id='word_1_296' title='bbox 150 3362 285 3432; x_wconf 86' lang='lat' dir='ltr'>imitatio</span> <span class='ocrx_word' id='word_1_297' title='bbox 306 3359 476 3427; x_wconf 84' lang='lat' dir='ltr'>rideretur.</span> <span class='ocrx_word' id='word_1_298' title='bbox 516 3359 605 3426; x_wconf 90' lang='lat' dir='ltr'>Hinc</span> <span class='ocrx_word' id='word_1_299' title='bbox 624 3361 657 3427; x_wconf 90' lang='lat' dir='ltr'>in</span> <span class='ocrx_word' id='word_1_300' title='bbox 677 3360 772 3427; x_wconf 90' lang='lat' dir='ltr'>tertio</span> <span class='ocrx_word' id='word_1_301' title='bbox 793 3361 953 3431; x_wconf 80' lang='lat' dir='ltr'>Aeneidos</span> <span class='ocrx_word' id='word_1_302' title='bbox 976 3364 1138 3435; x_wconf 84' lang='lat' dir='ltr'>Helenus:</span> 
     </span>
     <span class='ocr_line' id='line_1_37' title="bbox 240 3444 1167 3545; baseline 0.004 -32"><span class='ocrx_word' id='word_1_303' title='bbox 240 3446 299 3514; x_wconf 90' lang='lat' dir='ltr'>Ne</span> <span class='ocrx_word' id='word_1_304' title='bbox 324 3469 396 3545; x_wconf 82' lang='lat' dir='ltr'>quc</span> <span class='ocrx_word' id='word_1_305' title='bbox 416 3445 510 3510; x_wconf 86' lang='lat' dir='ltr'>iuter</span> <span class='ocrx_word' id='word_1_306' title='bbox 529 3456 668 3511; x_wconf 85' lang='lat' dir='ltr'>sanctos</span> <span class='ocrx_word' id='word_1_307' title='bbox 689 3444 793 3532; x_wconf 79' lang='lat' dir='ltr'>ignes</span> <span class='ocrx_word' id='word_1_308' title='bbox 815 3446 853 3510; x_wconf 84' lang='lat' dir='ltr'>iu</span> <span class='ocrx_word' id='word_1_309' title='bbox 875 3448 1002 3514; x_wconf 81' lang='lat' dir='ltr'>bonore</span> <span class='ocrx_word' id='word_1_310' title='bbox 1021 3451 1167 3517; x_wconf 85' lang='lat' dir='ltr'>deorum</span> 
     </span>
     <span class='ocr_line' id='line_1_38' title="bbox 235 3526 1058 3615; baseline 0.001 -14"><span class='ocrx_word' id='word_1_311' title='bbox 235 3532 391 3601; x_wconf 72' lang='lat' dir='ltr'>Hostilia</span> <span class='ocrx_word' id='word_1_312' title='bbox 411 3526 526 3615; x_wconf 69' lang='lat' dir='ltr'>facies</span> <span class='ocrx_word' id='word_1_313' title='bbox 546 3540 709 3595; x_wconf 86' lang='lat' dir='ltr'>occurrat</span> <span class='ocrx_word' id='word_1_314' title='bbox 730 3540 766 3593; x_wconf 86' lang='lat' dir='ltr'>et</span> <span class='ocrx_word' id='word_1_315' title='bbox 787 3531 907 3598; x_wconf 83' lang='lat' dir='ltr'>omnia</span> <span class='ocrx_word' id='word_1_316' title='bbox 930 3532 1058 3602; x_wconf 80' lang='lat' dir='ltr'>turbet.</span> 
     </span>
     <span class='ocr_line' id='line_1_39' title="bbox 150 3613 1293 3711; baseline 0.002 -24"><span class='ocrx_word' id='word_1_317' title='bbox 150 3618 347 3706; x_wconf 80' lang='lat' dir='ltr'>Interrumpi</span> <span class='ocrx_word' id='word_1_318' title='bbox 380 3615 463 3682; x_wconf 88' lang='lat' dir='ltr'>euim</span> <span class='ocrx_word' id='word_1_319' title='bbox 497 3634 612 3695; x_wconf 89' lang='lat' dir='ltr'>sacra,</span> <span class='ocrx_word' id='word_1_320' title='bbox 646 3613 807 3704; x_wconf 89' lang='lat' dir='ltr'>piaculum</span> <span class='ocrx_word' id='word_1_321' title='bbox 835 3627 915 3685; x_wconf 83' lang='lat' dir='ltr'>erat.</span> <span class='ocrx_word' id='word_1_322' title='bbox 958 3619 1054 3687; x_wconf 91' lang='lat' dir='ltr'>Unde</span> <span class='ocrx_word' id='word_1_323' title='bbox 1083 3620 1293 3711; x_wconf 74' lang='lat' dir='ltr'>Virgiliusiu</span> 
     </span>
     <span class='ocr_line' id='line_1_40' title="bbox 109 3699 1294 3804; baseline 0.002 -31"><span class='ocrx_word' id='word_1_324' title='bbox 109 3718 281 3773; x_wconf 70' lang='lat' dir='ltr'>mactaret</span> <span class='ocrx_word' id='word_1_325' title='bbox 318 3699 453 3802; x_wconf 61' lang='lat' dir='ltr'>Audeat</span> <span class='ocrx_word' id='word_1_326' title='bbox 482 3722 566 3801; x_wconf 75' lang='lat' dir='ltr'>quos</span> <span class='ocrx_word' id='word_1_327' title='bbox 594 3721 756 3788; x_wconf 85' lang='lat' dir='ltr'>rumpere</span> <span class='ocrx_word' id='word_1_328' title='bbox 777 3701 907 3804; x_wconf 59' lang='lat' dir='ltr'>Pallas</span> <span class='ocrx_word' id='word_1_329' title='bbox 927 3725 1031 3769; x_wconf 86' lang='lat' dir='ltr'>sacra</span> <span class='ocrx_word' id='word_1_330' title='bbox 1050 3716 1158 3775; x_wconf 83' lang='lat' dir='ltr'>vetet.</span> <span class='ocrx_word' id='word_1_331' title='bbox 1175 3700 1180 3715; x_wconf 75' lang='lat'>&#39;</span> <span class='ocrx_word' id='word_1_332' title='bbox 1200 3708 1294 3779; x_wconf 83' lang='lat' dir='ltr'>Deni-</span> 
     </span>
     <span class='ocr_line' id='line_1_41' title="bbox 173 3784 1315 3974; baseline 0.005 -33"><span class='ocrx_word' id='word_1_333' title='bbox 173 3784 1315 3974; x_wconf 45' lang='lat' dir='ltr'>tatastat,artusartusttttttter‘..att·</span> 
     </span>
     <span class='ocr_line' id='line_1_42' title="bbox 151 3962 1294 4056; baseline 0.009 -31"><span class='ocrx_word' id='word_1_334' title='bbox 151 3974 258 4039; x_wconf 88' lang='lat' dir='ltr'>retur,</span> <span class='ocrx_word' id='word_1_335' title='bbox 302 3981 413 4023; x_wconf 84' lang='lat' dir='ltr'>omnes</span> <span class='ocrx_word' id='word_1_336' title='bbox 451 3969 551 4043; x_wconf 76' lang='lat' dir='ltr'>raptis</span> <span class='ocrx_word' id='word_1_337' title='bbox 594 3979 690 4025; x_wconf 81' lang='lat' dir='ltr'>armas</span> <span class='ocrx_word' id='word_1_338' title='bbox 729 3972 951 4027; x_wconf 90' lang='lat' dir='ltr'>occurrerunt.</span> <span class='ocrx_word' id='word_1_339' title='bbox 1011 3962 1147 4033; x_wconf 82' lang='lat' dir='ltr'>Reverai</span> <span class='ocrx_word' id='word_1_340' title='bbox 1186 3978 1294 4056; x_wconf 83' lang='lat' dir='ltr'>postes</span> 
     </span>
     <span class='ocr_line' id='line_1_43' title="bbox 152 4041 1294 4135; baseline 0.005 -24"><span class='ocrx_word' id='word_1_341' title='bbox 152 4068 249 4135; x_wconf 91' lang='lat' dir='ltr'>quum</span> <span class='ocrx_word' id='word_1_342' title='bbox 269 4044 428 4132; x_wconf 89' lang='lat' dir='ltr'>piaculum</span> <span class='ocrx_word' id='word_1_343' title='bbox 450 4041 669 4120; x_wconf 85' lang='lat' dir='ltr'>formidarent,</span> <span class='ocrx_word' id='word_1_344' title='bbox 696 4063 807 4107; x_wconf 85' lang='lat' dir='ltr'>senem</span> <span class='ocrx_word' id='word_1_345' title='bbox 827 4045 988 4131; x_wconf 87' lang='lat' dir='ltr'>quendam</span> <span class='ocrx_word' id='word_1_346' title='bbox 1010 4047 1041 4111; x_wconf 92' lang='lat' dir='ltr'>in</span> <span class='ocrx_word' id='word_1_347' title='bbox 1060 4049 1160 4116; x_wconf 78' lang='lat' dir='ltr'>Circo</span> <span class='ocrx_word' id='word_1_348' title='bbox 1182 4054 1294 4123; x_wconf 75' lang='lat' dir='ltr'>salton</span> 
     </span>
     <span class='ocr_line' id='line_1_44' title="bbox 108 4129 1296 4230; baseline 0.003 -33"><span class='ocrx_word' id='word_1_349' title='bbox 108 4142 217 4201; x_wconf 79' lang='lat' dir='ltr'>satem</span> <span class='ocrx_word' id='word_1_350' title='bbox 232 4130 429 4196; x_wconf 82' lang='lat' dir='ltr'>invenerunt</span> <span class='ocrx_word' id='word_1_351' title='bbox 464 4129 526 4203; x_wconf 75' lang='lat' dir='ltr'>Qui</span> <span class='ocrx_word' id='word_1_352' title='bbox 571 4150 645 4195; x_wconf 91' lang='lat' dir='ltr'>uum</span> <span class='ocrx_word' id='word_1_353' title='bbox 665 4129 893 4218; x_wconf 74' lang='lat' dir='ltr'>iuterrogatus,</span> <span class='ocrx_word' id='word_1_354' title='bbox 916 4154 952 4195; x_wconf 88' lang='lat' dir='ltr'>se</span> <span class='ocrx_word' id='word_1_355' title='bbox 973 4154 1041 4197; x_wconf 69' lang='lat' dir='ltr'>riou</span> <span class='ocrx_word' id='word_1_356' title='bbox 1066 4133 1296 4230; x_wconf 76' lang='lat' dir='ltr'>interrupisse</span> 
     </span>
     <span class='ocr_line' id='line_1_45' title="bbox 135 4152 1295 4307; baseline 0.015 -31"><span class='ocrx_word' id='word_1_357' title='bbox 135 4213 372 4282; x_wconf 78' lang='lat' dir='ltr'>saltationem</span> <span class='ocrx_word' id='word_1_358' title='bbox 418 4152 655 4307; x_wconf 65' lang='lat' dir='ltr'>respondisset,</span> <span class='ocrx_word' id='word_1_359' title='bbox 714 4212 778 4283; x_wconf 88' lang='lat' dir='ltr'>hoc</span> <span class='ocrx_word' id='word_1_360' title='bbox 823 4214 1026 4305; x_wconf 80' lang='lat' dir='ltr'>proverbium</span> <span class='ocrx_word' id='word_1_361' title='bbox 1065 4217 1191 4293; x_wconf 85' lang='lat' dir='ltr'>dictum</span> <span class='ocrx_word' id='word_1_362' title='bbox 1232 4232 1295 4303; x_wconf 76' lang='lat' dir='ltr'>ssu</span> 
     </span>
    </p>
   </div>
   <div class='ocr_carea' id='block_1_3' title="bbox 0 0 1351 4606">
    <p class='ocr_par' dir='ltr' id='par_1_3' title="bbox 0 0 1351 4606">
     <span class='ocr_line' id='line_1_46' title="bbox 0 0 1351 4606; baseline 0 0"><span class='ocrx_word' id='word_1_363' title='bbox 0 0 1351 4606; x_wconf 95' lang='lat' dir='ltr'> </span> 
     </span>
    </p>
   </div>
   <div class='ocr_carea' id='block_1_4' title="bbox 1339 130 1343 746">
    <p class='ocr_par' dir='ltr' id='par_1_4' title="bbox 1339 130 1343 746">
     <span class='ocr_line' id='line_1_47' title="bbox 1339 130 1343 746; baseline 0 0"><span class='ocrx_word' id='word_1_364' title='bbox 1339 130 1343 746; x_wconf 95' lang='lat' dir='ltr'> </span> 
     </span>
    </p>
   </div>
  </div>
 </body>
</html>
