2684 4606
81 236 161 310 118
357 236 539 338 lllylhogr.
577 236 629 311 ll.
693 234 950 313 218-220.

346 418 441 495 218.
496 420 709 499 Leander
748 434 788 494 et
823 423 959 515 Hero.

166 522 318 620 Leander
345 552 519 642 Abydenus
549 564 583 620 et
609 553 702 639 Ilero
731 552 853 619 Sestias
881 553 1009 620 fuerunt
1026 543 1171 617 'invicem
1193 572 1231 617 se

82 630 255 706 amantes*
279 637 347 704 Sed
367 637 520 705 Leander
538 636 712 705 natatn'ad
733 640 846 704 [Ieron
868 638 916 703 ire
936 650 1148 706 consueverat
1170 656 1229 725 per

81 728 198 791 lictum
223 724 499 811 Hellespontinm,
528 723 615 813 quod
646 726 765 790 Seston
796 736 830 791 et
850 724 985 814 Abydon
1016 724 1158 790 civitates
1179 726 1247 799 in-‚

59 812 214 882 aterlluit.
247 811 400 877 Extincto
422 824 529 877 autem
552 833 630 881 casu
653 811 741 892 sace,
769 833 863 897 quam
885 813 977 899 llero
1002 821 1122 877 statuto
1145 822 1228 877 tem-·

80 920 162 985 pore
183 895 395 984 praetendere
426 896 566 979 solebat,
599 896 721 984 juvenis
753 908 943 984 tempestate
974 897 1077 986 periit.
1123 896 1227 984 Cujus

80 998 198 1069 corpus
220 1005 318 1070 quum
341 982 383 1049 ad
405 983 542 1072 puellam
568 982 709 1049 delatum
740 982 871 1064 suisset,
900 986 969 1072 ipso
1000 1005 1037 1048 se
1066 983 1226 1071 praecipi-

78 1071 155 1136 tavit
176 1071 208 1134 in
228 1090 327 1134 mare.
703 1070 706 1075 ’
786 1072 788 1076 ’

388 1237 482 1314 219.
537 1240 911 1341 Hymenaeus.

1 1364 3 1369 ’
34 1382 71 1431 10
163 1371 389 1460 Hymenaeus,
421 1379 458 1435 ut
486 1367 556 1443 alii,
584 1369 665 1435 deus
695 1369 893 1456 nuptiarum,
923 1377 959 1436 nt
990 1368 1060 1449 alii,
1090 1366 1224 1456 qrridam

16 1516 26 1543 ,
71 1455 197 1544 juvenis
223 1456 281 1523 fuit
303 1456 357 1522 die
381 1454 561 1542 nuptiarum
583 1478 625 1545 op
650 1477 756 1522 rossus
775 1456 893 1536 ruina}
918 1453 1003 1520 unde
1031 1456 1223 1541 expiationis

76 1565 174 1608 causa
196 1543 229 1608 in
253 1540 368 1645 nuptiis
391 1542 581 1629 nominatur.
625 1481 755 1609 l‘alsum
785 1552 835 1623 est
863 1554 991 1620 autem;
1025 1564 1098 1606 tram
1131 1541 1251 1608 vitari·

1 1655 13 1686 s
74 1631 179 1715 tnagis
208 1628 320 1695 debuit
348 1630 444 1715 qua'm
473 1627 612 1694 retineri.
656 1628 723 1692 Sed
753 1627 835 1693 baec
855 1628 1051 1695 est'veritos.
1069 1624 1076 1703 l
1096 1628 1223 1717 Hyme-

74 1720 174 1780 nae'us
197 1736 278 1802 puer
298 1734 423 1799 genere
443 1713 643 1779 Atheniensis
666 1713 734 1780 fuit.
777 1713 811 1778 ls
835 1735 940 1800 quum
967 1737 1068 1779 arxnos
1089 1714 1222 1799 puerilis

31 1802 188 1870 taaetatis
219 1802 409 1876 excederet,
445 1821 550 1886 neque
587 1798 829 1865 adhueviram
856 1811 966 1901 posset
994 1799 1145 1886 implere,
1180 1797 1242 1883 ea¹

97 1885 309 1959 ulchritudine
329 1881 494 1971 praeditus
519 1883 616 1951 luisse
639 1883 771 1971 dicitur,
788 1887 834 1951 -ut'
850 1886 998 1951 leminam
1022 1885 1221 1952 mentiretur.

71 1910 172 2043 latum
194 1992 376 2058 quumnua
406 1992 446 2035 ex
469 1970 590 2037 civibus
618 1971 702 2051 suis,
739 1970 851 2039 nobilis
881 1971 990 2056 virgo,
1025 1970 1256 2051 adamasset,'·

70 2057 142 2143 ipse
171 2057 385 2123 mediocribus
414 2066 503 2123 ortus
524 2057 725 2144 parentibus,
753 2057 829 2144 quia
857 2058 981 2145 nuptias
1011 2057 1220 2144 desperabat,

72 2141 160 2228 qnod
187 2154 314 2230 poterat
336 2153 462 2218 tamen,
491 2141 629 2229 puellam
660 2155 801 2209 extrema
826 2145 943 2209 amoris
965 2142 1046 2208 linea
1070 2144 1222 2230 diligens,-

28 2229 149 2305 20satis
179 2230 284 2297 animo
306 2250 365 2293 suo
386 2228 526 2296 faciebat
555 2240 699 2316 aspectu.
741 2229 914 2317 Quumque
937 2229 1057 2295 nobiles
1080 2226 1245 2295 semioae'

72 2337 146 2379 cum
178 2314 352 2401 tirgiuibus
382 2336 476 2379 sacra
504 2314 676 2381 Eleusinae
704 2315 833 2381 Cereris
860 2316 1077 2395 celebrarent,
1109 2318 1217 2385 subito

70 2400 208 2466 adventu
231 2401 405 2487 pirataium
428 2412 541 2488 raptae
561 2410 652 2478 surrt'3
675 2401 759 2466 iuter
776 2423 855 2487 quas
877 2417 910 2469 et
920 2403 1140 2490 Hymenaeus,
1162 2402 1216 2490 qui

67 2486 120 2552 illo
143 2499 283 2553 uitiatam
308 2509 398 2552 suam
423 2485 527 2553 luerat
557 2489 766 2564 subsecutus;
798 2487 893 2574 eique
927 2487 1030 2573 puella
1061 2487 1216 2555 creditur.

37 2600 40 2607 ·
69 2574 176 2646 (duum
198 2573 299 2659 igitur
321 2595 379 2660 per
406 2571 581 2660 longinqua
604 2573 702 2638 maria
723 2572 877 2657 praedam
899 2574 1022 2660 piratae
1043 2575 1214 2653 rexissent,

24 2660 110 2728 asad
142 2658 301 2746 quandam
333 2657 502 2746 regionem
532 2656 662 2725 tandem
692 2656 832 2725 devoluti
863 2660 1069 2746 perveniunt,
1105 2660 1216 2749 ibique

40 2815 43 2819 ,
67 2768 179 2811 somno
211 2746 355 2833 oppressi
385 2746 426 2810 ab
449 2744 689 2832 insequentibus
710 2756 785 2811 sunt
805 2746 948 2831 peremti.
992 2747 1215 2835 Hymenaeus,

66 2831 109 2896 ibi
131 2831 247 2898 relictis
269 2830 462 2932 virginibus,
485 2850 631 2896 reversus
654 2829 811 2909 Athenas,
841 2843 956 2917 pactus
979 2842 1029 2898 est
1050 2853 1070 2896 a
1093 2832 1248 2897 civibus=·

66 2917 204 2983 dilectae
242 2931 386 3004 nuptias,
421 2915 446 2980 si
474 2914 513 2980 iis
529 2915 622 2981 nitas
655 2938 729 2980 suas
756 2917 956 2985 restituisset.
1016 2917 1123 2990 Quam
1158 2916 1212 2982 ubi

65 3026 124 3092 pro
146 3018 220 3070 voto
247 3003 402 3074 restituit,
432 3012 612 3089 exoptatam
642 3024 720 3067 acce
742 3002 777 3068 it'
791 3025 932 3069 uxorem.
976 3000 1081 3076 Quod
1097 3005 1234 3093 conju-¹

22 3120 59 3167 30
68 3090 157 3176 gium
179 3087 253 3177 quia
275 3087 350 3152 felix
372 3088 497 3175 suerat,
529 3087 648 3174 placuit
676 3026 935 3155 sidoniensibus·
950 3110 1067 3154 nomen
1088 3091 1213 3180 Hyme-

64 3178 138 3242 naei
160 3176 277 3263 nuptiis
299 3174 443 3238 miscere.
480 3173 533 3236 Ob
555 3196 649 3260 quam
672 3197 803 3240 causam
824 3174 1112 3243 adbuc'mubentes
1133 3176 1213 3265 ejus,

64 3264 156 3347 quasi
177 3242 355 3327 liberatoris
378 3258 598 3345 virginitatis„
615 3260 763 3328 invocant
785 3284 908 3326 nomen.
952 3260 1048 3326 Unde
1070 3274 1106 3328 et
1126 3261 1213 3367 apud

63 3348 230 3416 Romanos
258 3344 406 3411 'Palassio
434 3346 607 3411 invocatur.
652 3347 758 3421 Quum
791 3348 873 3412 enim
903 3348 933 3412 in
957 3358 1051 3435 raptu
1074 3348 1213 3414 Sabma-
1245 3390 1248 3399 ·

63 3458 134 3502 rum
164 3432 307 3524 plebejus
337 3429 465 3517 quidam
493 3442 616 3517 raptam
649 3433 893 3519 pulcherrimam
926 3431 1078 3514 duceret,
1099 3457 1155 3499 ·ne
1182 3434 1235 3499 ei.¹

21 3543 58 3590 aa
68 3523 250 3587 auferretur
269 3520 310 3584 ab
334 3516 418 3595 attis,
448 3515 646 3583 Talassionis
674 3542 746 3585 eam
773 3518 863 3585 ducis
886 3518 997 3584 nobilis
1020 3542 1094 3586 esse
1115 3522 1211 3588 simu-

65 3608 157 3690 larit;
185 3605 276 3697 cujus
296 3603 423 3670 nomine
444 3606 596 3671 remansit
617 3603 740 3693 puellae
762 3617 831 3673 tuta
857 3605 1030 3695 virginitas.

287 3803 294 3863 ἶ
408 3804 505 3881 220.
567 3808 854 3908 Lycambes.

147 3937 331 4026 Lycambes
352 3936 482 4024 quidam
505 3936 600 4002 filiam
622 3936 791 4002 Neobulen
824 3936 943 4003 babuit.
987 3935 1093 4008 Quam
1111 3955 1234 4023 qurum·

63 4023 272 4090 Archilochus
293 4025 323 4087 in
348 4024 580 4089 matrimonium
602 4023 812 4109 postulasset,
842 4035 936 4111 pater
958 4021 1118 4108 promisit3
1149 4018 1210 4086 sed
1253 4060 1256 4065 ·

19 4110 250 4199 40promissam
281 4111 420 4195 negavit.
463 4108 569 4179 Iratus
598 4110 698 4196 igitur
727 4109 946 4189 Archilochus.
960 4110 991 4171 iu
1014 4129 1088 4171 eum
1110 4105 1235 4170 male-⁶

62 4197 168 4262 ‹lieom
194 4216 322 4258 emman
342 4194 477 4285 scripsit.
516 4193 613 4264 Unde
635 4195 684 4262 ille
706 4195 819 4263 dolore
840 4194 1024 4285 compulsus
1046 4214 1111 4259 una
1131 4214 1206 4259 cum

48 4284 118 4348 ntia
144 4280 240 4346 titum
259 4279 368 4350 linivit.
