2684 4606
487 38 496 69 l

368 148 552 252 Mythogr.
580 150 613 225 l.
669 148 926 227 147-149,
1166 151 1222 231 4⁷

73 342 231 442 Agenor,
252 335 424 425 ,Meleagri
459 336 641 427 avunculi,
655 335 812 488 indignati
838 347 928 412 sunt,
958 336 1017 404 sihi
1046 341 1224 435 praelatam

74 424 181 491 sursse
201 424 378 510 virginem,
399 434 433 490 et
454 446 524 488 eam
549 422 635 489 dono
661 436 882 510 sporaveruut.
924 424 999 499 Ona
1020 429 1224 495 contentione

73 512 146 577 sata
176 510 239 575 sihi
266 519 515 576 maturaverunt
564 509 692 589 Etenim
718 508 904 594 indignatus
919 508 1114 599 Meleager,
1146 536 1224 579 cou-
1315 522 1318 531 '

73 595 299 683 sanguinitate
321 593 461 674 calcata,
490 595 600 661 matris
623 616 701 659 sune
729 595 859 660 hatrem
876 594 1068 685 Plexippum
1092 599 1221 680 occidit,

75 682 208 769 sibique
231 679 339 747 matris
363 681 522 747 allectum·
538 679 676 747 abstulit
718 680 848 747 Althaea
873 681 1026 769 siquidem
1048 695 1247 770 germano-⁶

74 790 152 833 rum
182 767 301 833 ultione
330 766 449 831 saeviit
492 766 578 831 Nem
606 765 747 833 titionem
780 767 895 852 (quem
918 768 1078 836 occultum
1099 770 1223 850 habuit,

74 854 175 941 quia,
200 874 299 941 quum
320 863 506 918 nasceretur
527 850 692 937 Meleager
728 851 760 916 iu
784 852 875 937 vegia
895 855 999 920 subito
1021 856 1112 921 lortis
1135 870 1168 923 et
1188 868 1224 925 ut

70 936 203 1029 juvenis
223 947 425 1026 apparuerat,
441 950 474 1002 et
495 936 661 1003 vaticinata
715 950 793 1013 emt,
817 937 903 1023 quod
926 939 1064 1004 tunrvdiu
1081 941 1225 1022 viveret,
1255 960 1258 967 ’

75 1022 308 1113 quoadusque
333 1032 494 1087 servatus
523 1022 630 1108 esset)
660 1032 761 1089 mater·
780 1024 909 1109 ignibus
930 1025 1055 1106 mersit,
1087 1048 1224 1112 eumque

76 1132 157 1175 cum
180 1107 236 1173 filii
260 1129 341 1173 nece
365 1106 443 1173 satis
464 1106 601 1174 extinxit
643 1107 737 1180 Quae
757 1121 926 1197 postquam
948 1107 1121 1178 admissum
1143 1109 1266 1177 saei-1⁰

76 1217 142 1263 nus
163 1192 313 1283 agnovit,
338 1192 451 1280 laqueo
474 1193 570 1260 vitam
592 1192 697 1259 finivit
850 1200 854 1211 “

67 1380 178 1469 147.
233 1383 588 1484 clytemnestra
621 1394 666 1457 et
689 1381 905 1477 Orestes,
938 1346 1075 1458 l'ilius
1106 1386 1222 1488 ejus.

170 1504 408 1600 Clytemuestra
429 1512 489 1579 luit
512 1532 593 1577 uxor
612 1511 868 1600 Agamemnonis.
911 1510 975 1587 Qui
998 1535 1095 1600 quum
1116 1535 1225 1580 rever-

78 1619 137 1666 sus
168 1609 256 1663 esset
285 1594 328 1663 de
357 1598 437 1663 hello
466 1598 629 1687 Trojano,
658 1598 847 1666 interfectus
875 1609 924 1664 est
951 1618 1010 1684 per
1035 1599 1224 1686 Aegisthum
1253 1672 1258 1685 ,

79 1681 274 1750 adulterum.
318 1682 401 1748 Nam
431 1705 528 1773 quum
555 1685 720 1770 ingressus
743 1684 856 1751 lirisset
875 1682 1005 1749 domum
1026 1708 1133 1766 suum,
1165 1686 1269 1757 ob-15

79 1768 154 1837 tulit
167 1768 206 1833 -ei
227 1768 462 1858 clytemnestra
483 1781 604 1836 vestem
625 1770 695 1836 sine
717 1770 848 1858 ospicio.
892 1769 997 1843 Quam
1017 1792 1114 1856 quum
1136 1772 1228 1841 vellet

80 1853 219 1921 induere
239 1867 274 1921 et
297 1855 453 1942 capicium
474 1854 614 1921 iuvenire
634 1878 698 1921 nou
714 1868 841 1945 posset,
859 1856 900 1920 ab
913 1852 1227 1942 Aegistho'ndultero

81 1941 213 2007 occisus
235 1951 301 2021 est;
322 1963 417 2027 quem
437 1952 549 2029 postea
565 1941 661 2017 ¹simul
682 1964 757 2007 curn
778 1953 880 2008 matre
895 1941 1031 2008 Orestes
1051 1943 1227 2027 interfecit3

81 2024 172 2093 unde
198 2026 233 2091 in
260 2026 429 2093 amentiam
458 2048 567 2093 versus
596 2038 653 2093 est.
683 2028 761 2093 ‚Hic
790 2049 928 2116 nemque
955 2028 1109 2109 Orestes,
1140 2033 1165 2094 A
1193 2052 1228 2094 a·

82 2111 262 2181 memnonis
297 2123 331 2178 ct
364 2112 617 2202 clytemnestras
645 2111 744 2192 lilius,
779 2113 853 2200 quia
883 2112 1020 2200 optimus
1048 2051 1273 2200 tragoedum

84 2198 162 2275 luit,
193 2197 228 2263 in
251 2197 357 2263 scenis
380 2199 578 2279 celebratus,
608 2220 704 2287 quum
725 2211 859 2266 matrem
881 2210 915 2264 et
934 2198 1122 2286 Aegisthum
1142 2200 1229 2266 oeci-

82 2283 206 2363 disset,
235 2282 388 2353 insanivit
431 2283 495 2357 Qui
525 2283 603 2350 socii
624 2278 761 2373 ¹l’yladis'
788 2284 969 2363 admonitu,
1001 2283 1044 2349 ad
1065 2284 1229 2353 evitandus

76 2368 206 2436 'Furius
234 2367 386 2456 templum
413 2368 561 2457 Apollinis
591 2369 772 2457 ingressus.
804 2392 901 2457 quum
931 2367 1023 2436 vellet
1048 2371 1153 2453 exire,
1181 2372 1231 2437 in-

86 2466 239 2522 vaserunt
266 2477 339 2521 euru
361 2454 488 2523 Furiae.
530 2453 618 2522 Hine
643 2466 708 2524 est:
746 2454 962 2544 Ultricesque
981 2454 1102 2522 sedent
1121 2458 1160 2522 s'u
1181 2457 1231 2522 tr·-

85 2541 180 2607 miue
200 2539 328 2607 Dirce.
1124 2552 1127 2558 '
1231 2572 1270 2625 25

284 2672 287 2677 Ι
325 2708 420 2789 148.
473 2714 657 2814 Europa
688 2725 730 2788 et
766 2712 998 2813 duppiter.
1037 2812 1039 2816 Ι

173 2838 312 2929 Europe
332 2841 392 2912 fuit
411 2842 476 2909 filie
495 2842 582 2929 regis
603 2843 805 2907 Graecorum
826 2841 993 2928 Agenoris.
1036 2841 1130 2917 Quae
1154 2839 1232 2911 dum

91 2925 261 3015 colligeret
279 2929 376 2995 llores
396 2928 429 2993 in
449 2928 547 3017 pratis
568 2925 744 2994 secundum
766 2926 1027 3013 consuetudinem
1047 2927 1233 3016 puellarum,

90 3013 259 3103 luppiter,
291 3012 323 3078 iu
353 3014 488 3080 sormam
518 3038 532 3078 s
556 3013 653 3079 eciosi
677 3013 761 3078 tauri
780 3035 968 3094 conversus,
998 3014 1028 3079 ei
1049 3014 1112 3079 vim
1130 3014 1234 3082 intulit

89 3099 153 3166 hoc
194 3099 303 3165 modo.
368 3100 475 3174 Quum
543 3099 688 3165 ercurius
714 3097 807 3201 jussu
826 3131 828 3136 ·
844 3098 943 3186 petris
973 3098 1006 3164 iu
1037 3099 1276 3169 Phoenicemeu

91 3198 314 3272 transgressus
341 3197 444 3264 esset,
479 3195 515 3251 ut
543 3195 688 3252 armenta
715 3184 795 3251 1llius
823 3185 964 3270 regionis
986 3183 1029 3251 ad
1049 3185 1121 3253 litus
1146 3210 1234 3261 com-

91 3271 241 3359 pelleret,
265 3271 412 3359 Juppiter
431 3273 464 3336 iu
487 3281 611 3337 taurum
635 3292 806 3338 conversus
831 3283 897 3353 est;
933 3292 1095 3360 quumque
1122 3295 1159 3339 se
1185 3273 1234 3360 ju·
1296 3314 1300 3321 ·

90 3358 205 3425 mentis
226 3357 383 3443 Agenoris
406 3355 494 3444 regis
521 3355 770 3436 immiscuisset,¹
791 3367 825 3424 et
852 3355 885 3419 in
912 3370 1053 3422 umorem
1083 3359 1132 3423 sui
1161 3381 1234 3443 spa-

90 3443 208 3511 tiantes
230 3444 263 3508 in
286 3463 383 3509 arena
404 3442 542 3530 virgines
565 3442 743 3529 coegisset,
772 3464 812 3508 ee
830 3438 982 3528 paulatim
1003 3442 1135 3530 siugulis
1158 3445 1234 3509 allu-

93 3527 191 3610 deus,
215 3528 383 3595 novissime
404 3527 562 3617 Agenoris
583 3528 694 3605 liham,
725 3528 815 3618 nujus
834 3530 866 3592 in
891 3550 1032 3595 amorem
1054 3530 1232 3617 compulsus
1240 3551 1276 3599 eu

93 3628 255 3682 averterat
285 3614 443 3701 figuram,
474 3613 661 3681 insidentem
692 3612 752 3678 sibi
782 3625 878 3701 tergo
896 3613 930 3680 iu
947 3614 1079 3682 insulam
1102 3617 1235 3685 Cretam

92 3699 223 3782 detulit,
251 3700 360 3789 ibique
381 3698 497 3792 nuptiis
518 3699 586 3790 ejus
607 3698 721 3766 fruitus
738 3710 797 3766 est

165 3824 260 3963 idi).
315 3885 502 3993 Agenor
534 3903 578 3965 et
615 3886 840 3982 Cadmus,
879 3888 1016 3963 filius
1048 3890 1161 3992 ejus.

180 4022 332 4104 Agenor,
352 4030 445 4106 rapta
466 4018 530 4084 filia
549 4019 702 4106 Europa,
724 4020 838 4088 fratres
861 4020 929 4109 ejus
950 4015 993 4082 ad
1012 4017 1234 4106 requirendam

90 4126 243 4172 sororem
269 4105 372 4185 misit,
398 4103 576 4186 Cadmum,
607 4106 757 4181 Cilicem,
784 4106 998 4185 Phoenicem
1029 4105 1075 4171 ita
1096 4121 1149 4190 ut,
1177 4110 1282 4178 nisiae

89 4214 168 4259 eum
199 4190 407 4282 reperissent,
439 4189 483 4258 ad
510 4214 547 4259 se
572 4215 637 4259 non
657 4204 894 4263 reverterentur
914 4190 1128 4283 inpatr'aam.
1166 4193 1264 4257 unm
