2684 4606
341 168 532 273 myrnae·
554 172 607 246 n.
663 138 921 247 raa-raa.
965 128 968 137 ’
1129 167 1206 245 aar
1278 132 1281 137 ’

59 361 121 427 iter
149 355 310 445 explicare
339 378 404 422 non
431 369 559 447 posset,
598 355 794 436 Daedalum,
831 357 1057 424 fabricatorem
1086 359 1203 448 operis,

59 457 96 513 ut
124 443 231 533 aliqua
262 455 331 511 arte
358 443 490 510 Theseo
521 444 719 522 subveniret,
753 443 904 510 exoravit
957 443 1029 518 Qui·
1048 466 1121 510 eum
1153 446 1203 511 iu·

58 542 197 600 trantem
225 527 268 594 lili
297 528 429 617 globum
459 544 533 618 post
554 552 591 596 se
609 528 706 620 jussit
724 527 901 609 resolvere,
933 542 970 596 ut
996 527 1082 595 illurn

57 617 149 684 diens
171 613 365 702 relegendo,
387 614 543 682 redeundi
562 638 620 704 per
642 614 782 682 leriones
803 621 912 704 postet
931 551 1200 702 superaraehllo

57 702 251 806 adimpleto,
285 701 570 804 'theos'oooiso
635 703 779 804 inotaurp
807 701 907 769 victor
931 701 1125 805 egreditur,
1165 712 1249 784 aas,

57 785 610 961 attenuarentur
621 799 738 949 titt
746 785 1201 960 ,ltttl'lttlt'tt

10 1032 14 1039 ,
58 974 168 1041 oeret,
194 957 355 1026 Vulcanus
377 961 405 1025 ei
429 982 598 1041 eoronam,
621 959 683 1026 VII
704 957 904 1048 lampadibus
919 959 1120 1046 insignitam,
1142 962 1218 1029 oh··

58 1045 146 1129 tulit3
173 1068 270 1135 quam
291 1044 341 1110 ille
363 1058 398 1112 ut
418 1047 524 1112 uxoris
544 1046 672 1132 insigne
691 1046 773 1112 inter
795 1043 902 1113 sidera
923 1043 1097 1112 oollooarit
1156 1062 1162 1126 ,·
1191 1096 1195 1103 .

449 1174 543 1291 rua.
598 1172 818 1317 aegeas.
1207 1156 1254 1304 „¹

144 1348 275 1434 Aegeus
305 1340 411 1410 autem
439 1343 583 1409 filiosuo
628 1358 833 1433 raeoeperat,
863 1358 899 1414 ut
926 1346 953 1413 si
974 1348 1075 1415 viator
1094 1371 1201 1415 rever-
1220 1396 1275 1413 ..a

56 1444 199 1509 teretur,
234 1430 302 1496 vela
331 1441 478 1495 mutaret.
521 1367 626 1505 Quod
643 1453 740 1519 quum
762 1430 812 1496 ille
833 1432 950 1498 oblitus
973 1456 1035 1499 non
1061 1434 1200 1515 lecisset,

56 1524 189 1606 Aegeus
204 1516 400 1607 prospiciens
414 1513 536 1581 alitore
555 1515 629 1583 velis
651 1539 714 1583 non
735 1517 863 1585 mutatis
883 1516 1071 1586 redeuntem
1092 1518 1202 1602 lilium,

56 1608 177 1673 vietum
196 1603 385 1675 aestimans,
406 1600 502 1682 mari,
524 1600 556 1666 in
579 1601 666 1691 quod
687 1625 724 1670 se
745 1602 978 1753 praecipitavit,
1004 1627 1124 1689 nomeu
1140 1604 1200 1672 iur-

57 1690 175 1780 posuit.
226 1689 377 1756 Theseus
413 1709 490 1752 rero
519 1687 594 1754 odio
623 1687 683 1755 looi
710 1688 742 1757 in
768 1690 979 1776 enavigans,
1016 1690 1058 1757 ad
1077 1689 1242 1761 ltaliamtu

56 1768 159 1851 venitl
192 1788 226 1845 et
254 1772 471 1849 Brundusium
504 1772 653 1843 condidit.
697 1775 792 1848 Quae
819 1798 917 1863 quum
941 1778 1047 1842 omnia
1064 1776 1203 1845 faotione

57 1860 198 1932 Daedali
225 1861 331 1927 Minos
364 1859 406 1925 de
430 1858 623 1927 rehenderet
652 1860 784 1938 allecta,
820 1884 893 1928 eum
921 1883 994 1928 oum
1019 1863 1113 1929 Icaro
1134 1886 1202 1930 ser-

58 1948 197 2017 vandum
218 1948 251 2014 in
268 1883 480 2036 labyrinthum
502 1946 604 2015 trusit.
649 1945 716 2013 Sed
731 1944 902 2028 Daedalus,
925 1949 1082 2053 corruptis
1094 1962 1203 2017 ousto·

10 2038 15 2113 f
58 2036 173 2116 dibus,
212 2035 273 2101 suh
306 2031 460 2110 faciendi,
498 2055 561 2119 quo
595 2055 650 2100 rex
701 2030 877 2110 laoaretur,
911 2057 1049 2103 monens
1083 2037 1201 2124 speeie,

57 2144 167 2190 oerum
202 2119 337 2209 aooopit
403 2115 530 2184 Exinde
558 2130 625 2186 tam
651 2055 711 2186 sili
742 2141 837 2207 quam
868 2118 931 2186 filio
963 2120 1019 2188 alis
1045 2120 1246 2210 impositisao

59 2205 204 2275 evolavit.
246 2205 359 2271 loarus
387 2203 498 2271 altiora
528 2216 656 2291 petens,
686 2204 797 2293 pennis
818 2203 892 2272 solis
915 2205 1022 2273 oalore
1043 2207 1202 2288 resolutis,

57 2293 157 2372 mari,
175 2292 209 2359 iu
231 2289 318 2379 quod
341 2287 475 2364 oeoidit,
498 2313 613 2355 nomon
635 2289 793 2377 imposuit.
823 2289 988 2358 Daedalus
1010 2315 1085 2358 vero
1099 2293 1201 2381 primo
1212 2344 1267 2361 ...t

57 2381 91 2445 in
113 2376 314 2453 Sardiniam,
336 2388 410 2478 post
430 2374 554 2444 delatus
577 2388 626 2442 est
647 2377 787 2454 Cumas,
809 2374 917 2465 ibique
929 2375 1062 2466 Apollini
1084 2377 1202 2467 templo
1299 2371 1306 2391 '

57 2464 209 2548 condito,
238 2463 272 2529 in
294 2462 415 2528 sorabos
437 2461 519 2528 haee
541 2463 685 2528 universa
708 2459 859 2551 depinxit.

437 2627 531 2704 126.
586 2630 812 2705 Taurus.
1054 2572 1057 2579 Ι
1206 2657 1244 2707 aa
1312 2661 1315 2669 ·

32 2837 36 2844 ,
122 2761 272 2868 ΟΥιιᾲίειε
306 2769 415 2827 autem
448 2761 495 2862 sio
526 2781 564 2863 se
593 2759 700 2862 habet
750 2760 886 2863 'faurus
916 2757 1058 2862 notarius
1087 2759 1202 2827 Minois

54 2847 369 3027 tttt‘alttl
389 2845 708 3020 it⁸tlt⁹,t¹ttt¹l
729 2843 1204 3027 tttttflnt‘tttltt

53 3034 94 3091 et
115 3042 212 3088 uuum
231 3016 275 3085 de
294 3016 429 3098 Tauro,
463 3016 557 3084 enixa
586 3039 658 3084 esse
686 3017 903 3085 Minotaurum
926 3016 1052 3119 dieitur.
1095 3018 1203 3095 Quam

53 3110 103 3176 ob
124 3106 251 3209 eulpam
271 3103 427 3181 inclusum
448 3101 628 3170 Daedalum
658 3104 789 3191 regina,
819 3117 980 3192 oorruptrs
1002 3103 1244 3186 oustorhbuaso

53 3192 229 3276 adamat,
254 3189 327 3280 qui,
354 3190 472 3258 amisso
494 3191 526 3255 in
548 3190 629 3256 mari
649 3190 732 3270 filio,
758 3190 830 3256 nari
851 3188 976 3258 delatus
998 3202 1048 3258 eat
1069 3190 1202 3259 Cumas.

442 3357 538 3435 127.
592 3361 817 3465 Scyron.

110 3548 114 3553 ,
142 3491 270 3582 Scyron
301 3487 446 3579 hospites
477 3511 554 3555 suos
581 3500 783 3559 transeuntes
816 3510 895 3558 saxo
925 3466 1067 3555 residens
1123 3485 1201 3555 edes
1261 3498 1265 3503 ’

53 3577 117 3647 sibi
138 3577 245 3644 lavare
258 3576 411 3729 oopebat,
434 3570 556 3676 eoaque
577 3576 807 3678 exoirnproriso
824 3575 1065 3666 praecipitabat.
1095 3511 1200 3649 duem

53 3678 168 3734 taurea
185 3660 302 3731 Daoda
314 3686 351 3731 us
372 3681 572 3752 peroussrsse
596 3660 721 3730 drortur.
1101 3748 1103 3755 Ι
1206 3678 1243 3729 aa

434 3828 528 3906 128.
583 3830 833 3907 Theseus.

16 3982 22 3989 ·
144 3959 314 4038 Theseus,
346 3960 449 4047 Aegei
484 3972 517 4027 et
549 3960 687 4026 Aethrae
717 3959 818 4039 tilius,
856 3970 983 4026 mortua
1015 3955 1202 4048 Hippolyte,

10 4106 14 4111 .
55 4045 266 4128 Phaedram,
287 4043 402 4112 Minois
424 4058 458 4112 et
478 4042 655 4134 Pasiphaes
677 4045 788 4123 filiam,
810 4044 997 4133 superduxit
1017 4044 1201 4133 Hippolyto.

10 4188 17 4227 Β
58 4134 125 4210 Qut
152 4154 251 4221 quum
281 4128 326 4196 da
352 4144 463 4219 stupro
491 4131 573 4197 illam
603 4131 854 4219 interpellantem
885 4130 1131 4205 oonternsisset,
1160 4132 1204 4193 ab

10 4218 29 4341 p:
58 4221 111 4287 illa
144 4218 224 4285 labo
255 4231 427 4287 aeoemtm
456 4230 505 4285 ost
528 4216 614 4306 apud
636 4236 781 4307 patrem,
817 4217 909 4308 quod
927 4219 994 4285 sim
1016 4216 1049 4281 ei
1068 4213 1275 4279 edidissem

10 4374 24 4453 l
