2684 4606
151 158 238 264 rau
393 278 402 289 .
485 196 684 259 courum..
701 201 740 258 ru
765 202 961 265 nonrmun

150 372 225 440 hies
247 371 409 445 invaserat
428 370 600 439 liberabat.
645 370 725 437 Erat
747 372 835 438 euim
856 386 964 442 tantae
996 377 1122 443 aueto⁰

151 462 185 527 ei
207 482 309 548 quum
330 456 522 525 defenderet
551 456 664 543 nullus
686 482 806 525 nocere
833 462 980 527 auderet.
1036 464 1125 530 Vide

149 543 377 612 'l'heodoricus
399 543 576 609 Boethium
613 545 910 633 solumtprannidi
938 556 1024 614 suae'
1045 574 1082 616 se
1112 575 1134 615 o
1162 546 1164 559 '

87 676 91 701 ι
150 631 261 720 coepit
281 628 398 696 callide
418 631 583 719 quomodo
604 653 680 695 eum
701 632 854 721 perderet
875 634 1055 722 inquirere.
1102 568 1164 713 85

82 757 91 769 =
150 719 186 783 in
224 741 300 782 eum
334 715 459 780 nullam
490 738 629 781 eausam’
649 717 836 802 inveniret,
864 720 955 784 'duas
988 721 1088 785 falsas
1121 746 1162 791 co

151 803 278 870 scilieet
312 824 387 867 cum
431 802 608 890 impedisse
642 802 842 886 delatorem,
883 807 1123 873 accusationem

150 889 305 977 scriptam
331 887 430 953 adse
453 888 673 971 deferentem,
707 898 741 953 et
760 888 885 954 litteras
911 893 952 956 ad
972 892 1109 958 Alexim
1132 892 1161 963 C

150 973 404 1062 tiuopolitanum
437 974 665 1062 imperatorem
679 997 747 1075 pro
769 973 963 1043 liberatione
986 979 1035 1044 rei
1052 980 1160 1069 publi

149 1062 245 1127 sisse.
297 1059 363 1124 His
396 1070 504 1124 autem
536 1058 577 1124 de
599 1083 706 1123 causis
729 1059 802 1125 sine
830 1063 1034 1129 accusatione
1067 1089 1159 1134 cono

193 1168 310 1212 rsonae
329 1144 521 1210 indefensus
543 1154 578 1209 et
596 1143 715 1231 absens
737 1170 814 1211 reus
836 1159 886 1212 est
914 1149 1076 1215 iudicatus
1100 1162 1153 1216 et.

149 1230 337 1301 inexilium
354 1240 407 1295 est
422 1220 596 1320 relegatus.
641 1229 707 1296 llic
723 1255 800 1307 vcro
818 1237 1157 1384 suamdprospcritater

148 1318 279 1386 teritam
300 1340 412 1381 secum
432 1325 587 1407 reputans
609 1324 643 1379 et
663 1327 869 1405 praesentem
891 1345 909 1384 a
932 1332 1120 1388 versitatum
1144 1346 1156 1391 t

150 1428 248 1487 rans,
277 1401 360 1469 vidit
377 1401 538 1492 ¹aliquem
565 1400 675 1467 minus
709 1403 853 1493 peritum
886 1407 987 1472 simili
1014 1433 1092 1474 casu
1118 1432 1155 1476 us

37 1480 53 1545 „'
115 1482 118 1496 ¹
150 1488 409 1578 desperationem
426 1512 523 1577 posse
546 1487 697 1637 deprimi.
743 1488 789 1554 Ut
810 1515 887 1581 crgo
913 1518 978 1581 quo
1001 1519 1037 1558 se
1059 1519 1155 1561 unus

148 1575 333 1644 eousolarct
350 1573 505 1658 haberet,
532 1573 563 1638 si
581 1598 600 1637 a
614 1572 691 1663 iqua
711 1574 887 1641 adversitas
909 1581 1154 1647 commutabilit

94 1658 105 1681 “
148 1664 247 1730 tunae
276 1660 501 1752 contingeret,
523 1658 784 1750 philosophicum
810 1663 1067 1753 consolationem
1107 1692 1153 1735 cor

146 1762 207 1819 etc.
237 1758 300 1814 etr.
562 1767 566 1772 ’

504 1849 940 1886 m

687 2008 753 2094 ΙΙ.

145 2147 176 2199 In
202 2159 301 2226 summa
328 2140 422 2212 pagina
448 2139 613 2221 posterioris,
630 2143 807 2196 commentarii
832 2143 922 2197 eadem
954 2162 1046 2200 manus
1076 2150 1148 2222 scrip

146 2216 238 2272 anicii.
263 2214 366 2283 manlii·
390 2211 513 2267 severini.
535 2212 655 2282 patritii.
676 2213 739 2266 viri.
764 2213 840 2266 clari.
868 2216 994 2273 illustria.
1019 2217 1112 2277 boecii,
1137 2242 1147 2277 ς

541 2282 679 2341 ordinarii.
702 2283 770 2338 liber
785 2284 887 2356 incipit.

228 2396 466 2481 Theodericus,
488 2396 672 2479 Gothorum
684 2399 860 2489 imperator
881 2402 1104 2490 saevissimus,
1129 2410 1145 2476 l

87 2556 92 2567 Ι
144 2508 274 2575 semper
290 2483 415 2567 invisus
433 2483 508 2549 fuit.
553 2482 621 2567 Qui
660 2508 739 2549 uum
757 2509 813 2549 eos
829 2486 1018 2576 saepissime
1041 2492 1133 2560 hello

142 2572 265 2656 visset,
288 2570 420 2637 undem
442 2568 613 2636 devicitet
665 2593 771 2634 omum
795 2572 902 2661 cepit,
933 2575 1046 2678 ibique
1069 2583 1141 2648 mul

143 2657 192 2722 ria
214 2666 290 2746 erga
311 2656 547 2747 rempublicam
569 2655 659 2720 fecit.
727 2656 819 2738 Quae
841 2683 943 2748 quum
965 2663 1141 2733 vidissetl

141 2742 389 2827 nobilissimus,
425 2752 459 2807 et
476 2739 578 2829 magis
600 2741 828 2807 rectitudinem
862 2744 1063 2847 reipublicae
1096 2779 1140 2843 qu

141 2843 325 2921 peratorcm
341 2830 466 2909 colens,
492 2835 656 2915 quantum·
671 2828 779 2918 potuit
797 2829 829 2894 ei
850 2832 991 2919 restitit,
1016 2837 1139 2905 tandcn

142 2916 228 2981 citur
248 2916 335 3003 apud
354 2912 672 3001 Constantinopolim
694 2914 818 2979 litteras
840 2916 990 3001 misisse,
1013 2946 1138 3013 conque

141 3000 308 3067 Romanae
344 3000 392 3065 rei
416 2999 544 3064 uhlicae
577 3000 769 3065 vastatione.
832 2998 991 3091 Sperabat
1030 3011 1121 3075 enim

141 3085 341 3163 Graecorum
363 3024 547 3151 libertatem
571 3083 729 3152 Romanis
758 3108 857 3174 posse
886 3090 1026 3168 restitui.
1087 3090 1137 3163 Er

130 3172 227 3237 'iuter
256 3171 637 3261 Constantinopolitanos
669 3183 701 3235 ct
731 3169 897 3238 Romanos
929 3177 1135 3249 coniuncta:

138 3257 224 3324 Nam
252 3258 500 3341 Constantinus,
524 3266 639 3323 eorum
659 3257 857 3345 imperator,
890 3259 1076 3330 Romanum
1105 3269 1134 3333 i1

138 3345 227 3434 apud
248 3343 566 3433 Constantinopolim
587 3343 726 3432 quadam
747 3342 908 3432 religione
936 3352 1133 3418 transtulcra

136 3454 216 3495 vero
235 3430 363 3496 litterae
385 3454 488 3520 quum
508 3453 579 3493 com
605 3431 761 3493 rehensac
794 3441 904 3495 esseut
926 3443 958 3496 ct
987 3436 1029 3499 ad
1050 3437 1132 3529 impr

139 3516 280 3599 relatae,
312 3528 392 3582 tuuc
421 3524 556 3604 propter
580 3453 646 3579 boc
670 3524 749 3579 tunc
772 3525 907 3603 propter
935 3519 997 3582 alia
1026 3522 1131 3606 jussu

139 3602 292 3667 omnibus
314 3603 383 3667 suis
403 3600 587 3692 proscribi,
616 3600 742 3664 exulari
764 3609 796 3662 ct
827 3603 955 3666 tandem
977 3609 1065 3696 apud
1088 3610 1130 3676 Pa

137 3688 276 3753 exilium
297 3689 397 3753 trudi.
454 3687 520 3770 Qui
543 3711 645 3776 quum
667 3687 702 3751 in
725 3709 852 3750 carcerc
874 3690 1000 3776 positus
1021 3699 1130 3763 consol

135 3783 243 3849 tantae
263 3799 340 3839 suae
363 3774 476 3838 ruinae
498 3783 687 3860 quaereret,
711 3772 834 3873 quippe
857 3775 915 3837 aui
938 3788 1012 3841 ante
1034 3803 1130 3848 consa

134 3859 222 3925 lilios
245 3861 342 3925 ctiam
363 3884 440 3924 suos
472 3858 624 3923 consules
654 3868 687 3921 ct
719 3882 827 3922 omma
850 3799 913 3923 alia
941 3885 1129 3952 prospera*

133 3944 241 4011 visum
263 3957 313 4010 est
327 3944 372 4028 ci,
394 3943 486 4010 nulla
507 3968 542 4008 rc
559 3943 661 4032 magis
684 3968 782 4031 quam
799 3944 973 4013 scribendo
994 3951 1128 4021 solatim

134 4053 244 4117 posse.
292 4029 347 4095 Sic
370 4031 490 4096 etenim
513 4040 545 4092 ct
564 4053 720 4116 prospera
741 4030 914 4117 praeterita
935 4036 976 4098 ad
1006 4061 1128 4108 memor

133 4126 222 4182 cerat
243 4127 276 4182 ct
298 4115 382 4182 mala
403 4115 587 4207 praesentia
608 4114 768 4182 oblivioni
789 4116 931 4183 traderet
952 4131 1012 4189 eto.
1037 4136 1100 4194 etc.

490 4305 504 4313 .
512 4288 934 4324 ...ηαφι-..Μ-
