2684 4606
271 802 723 936 omuuocnunuus'
761 842 984 930 numus:

496 1178 664 1247 Laese
716 1181 742 1247 L

420 1426 458 1502 l.
513 1413 827 1508 Prometheus.
855 1430 858 1434 ⁴

139 1557 354 1628 Prometheus
373 1570 449 1646 post
470 1556 574 1627 factos
595 1583 615 1626 a
637 1583 673 1628 se
701 1560 845 1628 homines
866 1558 982 1630 dicitur
1003 1560 1116 1630 auxilio
1137 1561 1199 1628 Mi-

55 1669 174 1716 nervae
204 1645 326 1713 caelum
361 1643 559 1728 ascendisse3
596 1647 667 1734 qui,
697 1645 839 1715 adhibita
875 1647 982 1715 facula
1018 1647 1062 1716 ad
1095 1659 1224 1726 rotam5

56 1735 146 1816 solis,
166 1734 276 1820 ignem
296 1733 418 1796 furatus
435 1742 501 1808 est,
524 1753 618 1818 quern
641 1732 820 1800 hominibus
841 1730 1000 1803 indicavit.
1035 1734 1088 1802 Ob
1105 1756 1200 1822 quam

46 1843 122 1888 <rem
152 1820 225 1887 irati
247 1818 290 1882 dii
310 1816 381 1882 duo·
400 1816 483 1882 mala
499 1817 697 1903 immiserunt
715 1819 828 1898 terris,
856 1818 963 1887 febres
992 1830 1026 1886 et
1054 1820 1200 1899 maciem,

20 1905 89 1972 --id
117 1919 168 1973 est
196 1905 335 1970 morbos.
378 1893 488 1990 ipsum
517 1926 647 1992 quoque
672 1904 902 1972 Prometheum
924 1926 983 1993 per
1004 1905 1201 1971 Mercurium

54 1991 86 2056 in
103 1994 256 2059 Caucaso
280 1999 388 2054 monte
409 1984 585 2075 religarunt
608 1989 648 2056 ad
669 2012 791 2071 saxum,
814 1989 956 2058 adhibita
973 1991 1069 2057 etiam
1085 1991 1200 2077 aquila,
1255 1983 1280 2070 ,¹

55 2099 138 2180 quae
160 2098 219 2142 cor
241 2075 309 2164 ejus
330 2071 491 2141 exederet.
534 2075 629 2141 Haec
649 2088 755 2157 autem
777 2076 883 2142 omnia
902 2097 965 2142 non
985 2076 1054 2143 sine
1074 2078 1242 2148 rationero

10 2222 14 2248 ,
54 2167 229 2252 linguntur.
271 2160 355 2227 Nam
382 2158 597 2226 Prometheus
628 2162 674 2226 vir
705 2159 969 2250 prudentissimus
1003 2163 1078 2242 fuit3
1114 2161 1200 2228 unde
1280 2194 1284 2199 ·

10 2282 15 2329 p
56 2261 89 2317 et
115 2250 241 2340 primns
273 2244 497 2346 astrologiam,
510 2244 647 2336 Assyriis
671 2247 838 2328 indicavit,
870 2271 967 2336 quarn
995 2247 1138 2315 residens
1168 2250 1201 2313 in

56 2335 206 2403 caucaso
236 2343 345 2399 moute
373 2331 469 2397 mmia
498 2352 576 2397 cura
601 2333 899 2422 comprehenderat
944 2333 1071 2401 Dicitur
1092 2344 1200 2400 autern

10 2418 28 2502 [
56 2443 74 2486 a
97 2421 161 2488 oila
188 2440 246 2487 cor
268 2417 335 2507 ejus
359 2416 515 2499 exedere3
543 2415 630 2505 quod
653 2425 704 2494 esst
723 2418 819 2486 nimia
840 2417 1035 2506 sollicitudo,
1065 2441 1129 2507 qua
1149 2419 1200 2483 ille

10 2445 192 2588 „adecms
219 2503 361 2572 siderum
390 2525 500 2579 omnes
528 2515 634 2571 motus
665 2502 931 2594 deprehenderat.
973 2505 1019 2572 Et
1039 2505 1103 2571 hoc
1125 2505 1199 2593 qnia
1208 2526 1241 2576 1⁵

10 2594 15 2677 l
56 2615 114 2681 per
134 2589 336 2682 prudentiam
358 2589 451 2681 feeit,
481 2586 566 2655 duee
594 2589 775 2672 Mercurio,
804 2590 857 2679 qui
882 2589 1073 2678 prudentiae
1096 2601 1128 2657 et
1148 2612 1200 2656 ra-

10 2710 17 2739 ι
56 2680 148 2746 tionis
172 2677 341 2756 deusest,
375 2673 417 2739 ad
439 2696 550 2742 saxum
572 2673 689 2745 dicitur
710 2699 784 2745 esse
801 2677 966 2762 religatus.
1009 2675 1201 2764 Deprehen-

10 2782 25 2860 ᾗ
58 2762 102 2833 dit
129 2775 299 2856 praeterea
334 2761 489 2828 rationem
526 2758 707 2843 fulminum,
750 2775 782 2831 et
816 2761 998 2829 homiuibus
1032 2761 1200 2842 indicaiit3

49 2849 142 2939 ,unde
168 2848 340 2916 caelestem
367 2846 476 2935 ignem
508 2844 624 2914 dicitur
652 2871 724 2916 esse
753 2849 886 2916 furatus.
941 2847 1027 2914 Nam
1061 2847 1200 2936 quadam

57 2949 142 3019 arte,
164 2937 207 3002 ab
239 2933 353 3000 eodem
388 2942 582 3012 monstrata,
604 2956 760 3023 supernus
788 2933 871 3021 ignis
901 2931 973 2999 olim
1003 2933 1197 3014 eliciebatur,
1205 2960 1242 3008 20

33 3023 109 3110 'qui
131 3020 317 3090 mortalibus
339 3020 476 3108 prol’uit,
498 3016 604 3085 donec
627 3021 708 3087 bene
731 3043 771 3087 eo
794 3021 841 3088 usi
862 3031 945 3087 sunt.
981 3017 1064 3085 Nam
1087 3030 1202 3107 postea

10 3078 139 3201 luralo
160 3107 323 3174 hominum
349 3127 410 3171 usu
437 3105 470 3170 in
491 3103 663 3193 perniciem
695 3130 803 3173 versus
833 3119 891 3174 est.
936 3102 1028 3183 Siout
1053 3105 1084 3169 in
1107 3105 1200 3171 Livio

12 3206 21 3257 t
56 3193 173 3263 mmm
196 3203 248 3260 est
267 3191 310 3258 de
330 3191 425 3258 'Pullo
446 3190 602 3269 Hostilio,
649 3193 779 3259 oi'ideo
802 3192 870 3280 igni
895 3204 1026 3255 exustus
1048 3200 1098 3256 est
1126 3213 1200 3267 curn

11 3310 16 3321 ·
57 3281 203 3348 omnibus
235 3279 308 3345 suis.
351 3279 439 3344 Hinc
460 3216 650 3364 esrsqrnd
678 3279 756 3366 igne
775 3292 869 3367 rapto
892 3277 932 3344 ab
954 3275 1042 3343 iratis
1066 3276 1199 3343 numini-

10 3369 43 3512 ξ’
58 3369 116 3435 bus
137 3366 270 3435 morbus
291 3363 469 3432 hominibus
491 3362 608 3429 dicitur
629 3364 798 3433 immissus.
1011 3398 1018 3417 ·
1203 3371 1239 3423 ²5

10 3540 23 3651 ᾗ
134 3602 139 3613 ,
292 3534 333 3610 2.
387 3526 626 3635 Neptunus
665 3545 709 3609 et
747 3533 965 3612 Minerva.
1072 3554 1076 3566 ’

10 3648 20 3743 l
139 3673 250 3747 Quum
278 3666 447 3754 Neptunus
473 3674 505 3732 et
524 3664 668 3730 Minerva
688 3660 731 3727 de
752 3644 945 3731 Athenarhm
969 3664 1095 3732 nomine
1119 3685 1197 3731 con-

22 3751 243 3832 ·leuderent,
281 3751 398 3841 placuit
425 3749 503 3830 diis,
543 3761 580 3817 ut
610 3749 678 3839 ejus
707 3748 834 3814 nomine
862 3749 1114 3840 appellarentur,
1142 3750 1197 3839 qui

10 3832 27 3897 l
53 3865 169 3911 munus
184 3837 297 3909 melius
314 3837 498 3904 mortalibus
519 3836 697 3902 obtulisset.
728 3833 826 3901 'l'unc
846 3833 1017 3927 Neptunus
1041 3857 1196 3928 percusso
1304 3898 1310 3908 ,

52 3927 146 4007 litore
168 3948 306 4015 equum,
329 3920 552 3990 animal'bellis
574 3933 700 4010 aptum,
722 3923 910 4010 procreavit.
947 3923 1090 3991 Minerva
1105 3904 1239 4013 J‘actag'o

52 4012 144 4084 husto
164 4013 271 4081 oleam
286 4010 420 4089 creavit3
442 4030 525 4094 quae
547 4029 600 4074 res
620 4018 671 4074 est
685 4007 797 4072 melior
812 4009 1032 4096 comprobata,
1053 4021 1088 4078 ut
1108 4008 1195 4096 pacis

22 4101 216 4195 'insigues
233 4095 338 4169 ,Unde
365 4116 403 4163 ex
431 4094 594 4161 Minervae
616 4093 759 4176 nomino,
792 4116 875 4182 quae
898 4096 1026 4163 Graece
1054 4089 1195 4179 Ἀθηνᾶ

10 4234 31 4267 r.
52 4187 188 4269 dicitur,
219 4183 365 4253 Athenae
381 4180 491 4281 uictae
513 4191 595 4248 sunt.
644 4205 645 4208 ¹

10 4280 65 4550 l·
445 4451 456 4456 -
720 4294 737 4361 ¹
