2684 4606
342 132 346 137 ⁵
467 196 731 301 usuam-u.
784 154 878 275 Α..
901 180 941 272 72
1010 139 1026 325 ξ’

563 382 843 461 a.unnn

220 508 347 578 Deinde
368 511 527 580 Junonem
550 514 641 603 quasi
661 521 789 591 aerem,
813 537 910 603 qnam
935 515 1085 604 Juppiter
1110 515 1172 583 sibi
1195 538 1277 607 nup·
1306 536 1310 543 ·

139 607 204 663 tam
227 598 346 664 cetenis
369 600 475 666 aureis
499 599 618 687 ligasse
640 600 772 683 dicitur3
805 624 902 689 quam
931 602 1028 669 etiam
1071 607 1169 669 citae
1189 604 1276 691 regi-

140 706 212 748 nam
241 683 374 749 deorum
401 686 567 754 vocabant.
622 688 708 755 Juno
738 680 846 754 autem
868 710 889 753 a
910 626 1070 771 jovanni:
1102 686 1192 757 diota
1219 700 1276 757 eet

116 768 221 833 ⁶Ideo
244 781 277 836 et
297 770 406 857 regnis
428 793 580 858 praeesse
601 770 733 852 dicitur,
765 773 840 859 quio
867 773 950 843 haec
971 771 1033 837 rita
1063 771 1181 843 divitiis
1209 787 1274 841 stn-

137 853 221 919 deat.
264 855 366 922 Deam
388 870 517 944 partus,
549 868 582 925 et
602 880 753 962 praeesse
774 858 890 946 nuptiis
911 857 1037 933 nolunt,
1070 859 1175 961 quod*
1195 858 1272 927 diri-

136 940 202 1006 tiae
222 963 350 1030 semper
369 963 570 1032 praegnaces
592 955 655 1013 smt
676 957 709 1014 et
729 965 964 1033 nonnumquam
985 942 1156 1015 abortiunt

477 1138 519 1218 5.
570 1143 772 1220 Jnnonis
804 1169 932 1244 pavo.

221 1268 328 1357 Hujus
349 1268 383 1335 in
403 1267 502 1338 tutela
523 1292 678 1358 pavonem
699 1274 837 1361 ponunt,
869 1271 945 1360 quin
974 1271 1079 1339 omnis
1099 1271 1185 1355 rita,
1217 1296 1271 1365 po·

97 1354 257 1424 lotentiae
282 1367 394 1443 petax,
424 1377 554 1442 semper
572 1358 698 1445 quaerit
717 1370 860 1426 ornatus.
904 1356 970 1423 Hic
991 1369 1099 1424 autem
1120 1382 1206 1448 pavo
1226 1384 1273 1427 so-

127 1440 277 1507 ·cundum
306 1441 428 1507 fabulas
454 1441 536 1509 {iiius
565 1454 637 1511 erat
665 1443 847 1525 Aristociis3
877 1455 910 1511 et
938 1442 1126 1531 priusquam
1152 1446 1190 1511 in
1211 1446 1271 1513 aris

127 1527 277 1614 speciem
306 1539 391 1595 esset
420 1538 577 1609 mutatus,
620 1531 767 1598 omnibus
793 1528 896 1597 extitit
930 1529 1080 1599 membris
1109 1532 1271 1603 ,ocuiatus

136 1616 242 1687 Quem
263 1608 347 1679 Junio
369 1612 457 1694 Ioni,
479 1613 590 1681 Inachi
607 1616 797 1766 Arpinorum
821 1615 909 1701 regis
931 1614 1032 1695 filiae,
1054 1617 1268 1685 aJoneama·

137 1711 200 1778 tae,
221 1700 369 1786 apposuit
391 1697 568 1802 custpdem‚
592 1723 633 1767 ne
675 1702 799 1790 uppiter
819 1699 861 1766 ad
883 1722 954 1765 eam
976 1712 1087 1803 posset
1104 1703 1269 1769 accedere.

96 1786 242 1859 loQuem
262 1807 361 1871 quum
382 1786 532 1873 Juppiter
548 1808 612 1873 per
626 1786 822 1854 Mercurium
843 1786 1072 1867 interemisset,
1093 1788 1182 1857 Juno
1202 1812 1271 1857 eum

125 1869 170 1935 ‘in
192 1892 347 1959 pavonem
371 1870 518 1952 mutavit,
550 1884 583 1938 et
602 1872 635 1938 iu
659 1871 906 1941 suamtuteium
930 1872 1065 1961 recepit.

480 2084 520 2160 6.
572 2088 777 2163 «Iunonis
810 2086 916 2163 Iris.

223 2212 312 2281 Huic
333 2211 528 2297 etiamlrim
549 2215 642 2303 quasi
666 2238 776 2283 arcum
800 2222 983 2304 opponunt,
1014 2212 1089 2302 quia
1120 2212 1206 2283 sicut
1227 2210 1298 2297 itte,

138 2300 242 2367 varios
263 2312 394 2366 ornatus
418 2299 551 2387 accipit,
580 2301 626 2369 ita
650 2302 794 2382 fortuna,
814 2301 957 2391 quamvis
983 2297 1025 2364 ud
1049 2320 1204 2388 praesens
1225 2321 1276 2365 or-

19 2446 22 2459 .
97 2398 232 2464 ronuta,
254 2398 360 2452 tamen
380 2398 430 2452 est
452 2386 545 2453 citius
567 2386 711 2476 fugitive.
752 2388 812 2455 Iris
835 2399 953 2467 autem,
972 2386 1110 2451 Junonis
1127 2386 1277 2465 ministro,

138 2471 315 2539 secundum
340 2478 452 2559 poetas
475 2472 708 2542 Thaumantias
735 2473 821 2541 dicta
851 2483 917 2546 est,
953 2493 1069 2559 nempe
1093 2470 1282 2539 Thasum·

137 2559 177 2626 tis
203 2559 275 2623 uua.
319 2560 472 2626 Ceterum
494 2581 533 2624 ex
562 2559 773 2628 admiratione
795 2559 859 2625 hoo
879 2578 995 2623 nomen
1019 2557 1166 2643 accepit3
1194 2580 1278 2646 quoe
1307 2622 1310 2629 .

139 2644 306 2712 admiratio
331 2667 370 2709 ex
395 2645 463 2735 ejus
485 2645 625 2712 nascitur
645 2645 814 2714 coloribus.
858 2643 918 2709 Iris
939 2642 1058 2710 dicitur
1074 2644 1178 2729 ¹quasi
1200 2654 1278 2729 ἔρις,
1306 2670 1312 2687 ·

138 2730 172 2795 id
201 2744 250 2797 est
270 2730 326 2796 lio.
360 2729 445 2796 Nam
466 2752 639 2817 numquam
669 2730 712 2797 ed
740 2727 990 2796 conciliationem
1019 2729 1170 2811 mittitur,
1198 2730 1282 2797 sicut

94 2815 335 2891 quercuriuS‚
349 2815 415 2885 ¹sed
438 2836 565 2902 sempor
581 2816 628 2882 ad
650 2815 921 2891 uistnrbnuonem.
951 2812 1083 2881 Falsum
1099 2826 1282 2895 ostentent,
1308 2844 1312 2853 ·

138 2900 227 2988 quod
258 2900 374 2968 dicitur
397 2923 470 2969 usse
497 2900 639 2973 ministra
665 2912 789 2981 tantpm
811 2899 961 2980 dearum,
989 2924 1085 2989 quum
1107 2913 1141 2969 et
1161 2925 1183 2969 a
1201 2902 1283 2968 Jove

138 2987 326 3076 pierumque
345 2986 505 3067 mitratum
528 2995 583 3055 ut:
615 2984 764 3057 Aeriam
784 2985 879 3051 coelo
899 3008 982 3049 nam
1003 2986 1171 3075 Juppiter
1191 2985 1284 3059 Irirrs

137 3073 292 3141 demisit.
339 3072 400 3139 Iris
430 3085 536 3138 autem
557 3071 617 3139 nisi
644 3095 664 3137 e
684 3072 819 3159 regione
840 3069 915 3139 solis
938 3093 1002 3135 non
1023 3070 1075 3153 fir3
1104 3072 1158 3137 cui
1179 3068 1282 3139 varios

139 3156 263 3226 ociores
293 3172 461 3236 creantur,
491 3154 565 3244 quia
597 3180 680 3247 aqua
711 3156 835 3240 tenuis,
869 3163 946 3225 aiire
980 3155 1086 3224 lucido
1118 3156 1308 3240 irradiatus„

95 3244 243 3319 aerarios
262 3254 354 3312 creat
370 3243 504 3329 colores.

284 3439 324 3515 7.
376 3433 502 3518 June
533 3443 669 3519 «lovis
709 3465 837 3516 soror
873 3450 916 3513 et
951 3435 1134 3538 conjnx.

222 3571 292 3637 Cur
322 3577 430 3634 autem
456 3571 544 3639 Juno
573 3571 662 3640 Jovis
698 3590 791 3637 soror
826 3578 859 3635 et
888 3564 1002 3654 conjux
1027 3559 1172 3643 dicatur,
1200 3563 1294 3647 haec,

138 3654 221 3722 rntio
252 3666 310 3723 est
355 3652 439 3727 Quin
464 3657 625 3726 clementa
652 3656 735 3744 ignis
768 3663 802 3720 et
839 3658 897 3720 eiii·
922 3649 1078 3719 tenuitate
1111 3650 1172 3717 sibi
1209 3662 1285 3719 sunt

139 3742 247 3830 paria,
276 3740 426 3807 dicuntur
453 3766 526 3810 csse
552 3764 717 3833 germana.
761 3736 829 3805 Sed
853 3738 932 3826 quin
953 3737 1051 3802 mixta
1072 3735 1285 3817 concordant,

96 3839 174 3897 aaut
199 3827 363 3894 maritatus
393 3832 451 3893 aar
478 3831 555 3917 igno
580 3828 746 3906 fervescit,
776 3824 926 3914 conjugio
954 3821 1104 3887 dicuntur
1124 3820 1284 3925 copulata.

138 3915 184 3982 Et
205 3913 277 3999 qnia
299 3913 403 3991 Juno,
423 3913 457 3980 id
480 3928 530 3982 est
547 3922 624 3996 siin,
644 3913 807 4001 subiectus
830 3926 880 3985 est
897 3908 986 3989 Joni,
1005 3904 1040 3975 id
1054 3918 1103 3974 est
1116 3908 1194 3996 igni,
1208 3906 1284 3997 jure

138 3999 340 4087 superposito
376 3999 531 4070 elemento
569 4000 673 4068 mariti
710 3996 861 4069 traditum
891 4007 946 4061 est
978 4014 1103 4059 nomen.
1123 4075 1133 4093 ⁶
1157 3993 1284 4061 Dicitur

138 4099 245 4151 cratem
276 4085 422 4172 Juppiter
447 4088 567 4155 catenis
590 4108 662 4154 eum
679 4082 815 4170 ligasse,
848 4078 936 4170 quod
964 4084 1037 4158 aer,
1066 4077 1135 4166 igni
1155 4076 1284 4147 caelesti

140 4172 346 4260 terrimotus,
378 4171 504 4241 duobus
532 4174 684 4241 deorsam
705 4168 866 4236 elementis
887 4167 1075 4243 misceatur,
1113 4186 1221 4257 aquae
1249 4174 1283 4232 ct

96 4274 264 4338 suterrae3
299 4279 383 4346 quae
405 4262 563 4328 ueneno
584 4258 711 4326 duobus
731 4251 948 4342 superioribus
968 4250 1117 4338 graviora
1140 4262 1225 4319 sunt.

374 4490 392 4539 Ψ
521 4510 530 4543 r
