2684 4606
336 184 518 288 upum.
546 185 616 261 ur.
671 186 711 261 s.
765 126 914 299 o--s⁴
1078 157 1191 262 ‘sas
1294 211 1298 218 ·

145 366 179 434 6.
221 366 332 435 Habet
360 367 484 448 labala,
517 366 629 435 Jorem
662 369 694 436 in
727 380 866 460 cygnum
898 368 1085 457 conversum
1119 393 1190 436 cum
1291 435 1292 438 ,

60 447 157 518 laeda
177 451 405 534 concubuisse,
431 476 566 541 eamque
586 477 627 520 ex
650 455 701 522 illo
725 468 882 546 conceptu
905 478 1010 523 orum·
1041 457 1190 544 aperisse,

61 536 151 603 uude
170 549 237 606 tres
260 540 325 605 uati
345 550 438 621 sunt,
459 540 578 606 Castor
596 552 631 608 et
650 541 764 611 Pollux
789 555 822 610 et
842 542 975 608 Helena.
1045 564 1084 608 oc
1105 565 1191 608 com·

61 635 204 690 mentum
225 625 273 692 sic
294 625 422 713 exponit
441 623 641 713 Fulgentius.
683 624 847 716 luppiter,
867 628 899 693 in
923 629 985 706 uit,
1010 627 1041 693 in
1063 627 1190 693 modum

60 709 225 808 potentiae
253 709 404 799 ponitur;⁸
430 709 524 776 Leda
550 733 627 777 vern
654 714 747 800 qnasi
775 708 871 800 locris}
898 651 985 780 dicta
1011 726 1076 793 est,
1105 711 1215 801 quod5

61 793 202 861 ravidio
235 805 291 862 aut
322 792 458 882 injuria
490 795 723 885 interpretatur.
778 797 890 864 Omnis
917 799 1023 901 itaque
1053 801 1193 886 potentia

61 877 105 945 ad
124 878 270 969 iujuriam
291 879 391 946 alicui
405 878 602 948 inferendam
625 881 803 963 declinans,
832 883 866 949 ei'
891 882 1029 951 admista
1052 885 1192 972 speciem

61 986 140 1032 snae
166 965 389 1053 generositatis
417 977 535 1047 mutat3
573 966 712 1059 ideoque
741 967 888 1058 anpiter
918 968 960 1036 ad
989 968 1113 1034 hedam
1139 993 1192 1033 ve·
1235 1035 1240 1052 ,

61 1049 168 1140 niens,
189 1052 435 1121 transformasse
453 1074 490 1118 se
509 1051 652 1140 lingitur.
692 1052 773 1120 Ideo
798 1076 873 1122 reso
894 1054 925 1121 in
947 1077 1099 1145 cygnum,
1119 1055 1193 1142 quia

63 1135 169 1204 ferunt
194 1136 373 1228 physiologi
397 1135 481 1203 hanc
505 1160 595 1211 arem
616 1138 764 1206 conviciis
784 1138 909 1229 plenam
930 1162 1018 1220 esse,
1047 1138 1129 1207 adeo
1158 1152 1233 1209 utro

62 1220 73 1287 i
96 1243 133 1288 sa
154 1221 310 1291 clamante
331 1221 472 1310 reliquae
493 1246 585 1305 ares,
615 1246 700 1315 quse
727 1238 855 1312 praesto
883 1225 1029 1305 fuerant,
1057 1237 1192 1293 taceant.

88 1307 120 1373 ic
138 1329 268 1397 quoque
288 1308 433 1398 quotiens
454 1308 566 1376 nobilis
583 1308 632 1374 sir
654 1321 687 1376 et
706 1321 821 1397 potens
849 1309 891 1377 ad
918 1311 1063 1400 injuriam
1084 1312 1192 1377 alienis

60 1391 295 1494 importandam
325 1393 468 1472 festinat,
487 1404 521 1460 'a
548 1404 633 1461 statu
662 1394 837 1462 modestiae
866 1395 1084 1476 descendeus,
1115 1418 1192 1462 con·
1229 1404 1231 1409 ’

60 1477 141 1544 ricae
161 1478 309 1568 proferre
329 1478 579 1547 numerabeseit.
613 1480 681 1546 Sed
698 1480 785 1568 quod
807 1503 848 1547 ex
870 1481 986 1547 haere
1007 1481 1191 1568 concipitur,

60 1585 154 1630 orum
183 1575 252 1648 est,
291 1563 326 1630 id
354 1574 405 1632 est
433 1577 517 1632 testa
554 1565 695 1632 humoris
726 1565 832 1653 grossi
868 1566 987 1633 turbidi
1015 1579 1048 1634 et
1076 1569 1233 1639 viscosirs

58 1648 164 1736 plena.
203 1651 243 1717 In
268 1650 387 1717 effectu
416 1651 498 1716 enim
522 1649 656 1741 injuriae
677 1650 841 1739 turpitudo
863 1662 985 1718 tantam
1005 1663 1038 1719 et
1057 1653 1191 1718 immun-

60 1734 140 1801 ditia
172 1747 230 1803 est.
282 1735 336 1801 Ex
371 1735 435 1801 hoc
471 1746 577 1802 antem
614 1759 674 1802 oro
706 1748 902 1824 generantur
932 1749 1016 1816 tres,
1056 1738 1192 1819 Helena,

62 1820 198 1900 Castor,
225 1819 348 1888 Pollux.
404 1820 529 1887 Helena
555 1832 669 1910 utpote
696 1822 897 1889 seminarium
927 1820 1068 1890 scandali
1091 1834 1124 1889 et
1144 1823 1191 1888 di-

61 1904 218 1972 scordiae.
256 1905 310 1972 Ea
339 1904 422 1972 enim
450 1907 596 1973 Graecos
625 1917 659 1974 et
683 1906 841 1975 'Pro‘auos
862 1909 894 1974 in
916 1907 1029 1975 bellum
1051 1909 1191 1974 concita-

63 1991 115 2058 rit.
158 1993 208 2057 Ex
233 1991 348 2080 injuria
376 2013 513 2081 namque
540 1991 625 2060 illata
651 1994 720 2079 quis
741 1932 932 2060 discordiam
952 2006 985 2061 et
1004 1994 1234 2065 seditionemm

61 2074 740 2250 spvfflogxpgppmspoequpp
759 2078 1192 2231 diffidat-,ltili
1304 2132 1319 2157 ⁸

727 2213 753 2243 „
1184 2214 1192 2230 .

60 2185 212 2337 injuriam
233 2247 358 2327 enirn,
386 2269 458 2312 unrn
480 2247 536 2313 alii
552 2248 707 2336 quispiam
727 2249 883 2330 intulerit,
915 2260 949 2315 et
976 2248 1122 2313 ultionis
1143 2250 1193 2314 εἰ·
1274 2272 1277 2278 ·

60 2354 154 2411 naor,
182 2332 236 2422 qni
264 2352 323 2422 per
380 2331 530 2413 cllocem,
558 2343 592 2400 et
608 2332 830 2420 poenitentia
849 2335 1078 2423 sempiterna,
1109 2356 1193 2422 quae

61 2438 132 2506 per·
144 2417 316 2486 Castorem
337 2415 542 2506 designatur,
568 2416 753 2505 saepissime
771 2429 1016 2506 consequuntur.
1197 2438 1234 2491 ss

143 2505 179 2571 7.
221 2503 267 2571 Ut
300 2501 401 2592 igitur
435 2504 572 2571 breviter
601 2504 775 2592 praemissa
803 2503 1016 2592 epilogemns,
1064 2501 1194 2590 quilibet

86 2597 195 2670 utens,
225 2600 263 2657 ut
288 2589 462 2677 luppiter,
494 2611 515 2655 s
545 2594 718 2678 personae·
734 2611 813 2657 snae
844 2587 1000 2676 dignitate
1026 2585 1059 2653 in
1081 2612 1193 2685 smores

61 2611 208 2742 ianime
236 2672 432 2762 degenerat,
467 2696 565 2762 quum
592 2674 735 2759 iniuriam
764 2675 856 2742 alicui
884 2674 1090 2740 machinatur.
1140 2675 1193 2749 Ex

62 2759 196 2851 injurias
216 2781 292 2826 sero
312 2759 450 2828 illatione
470 2761 577 2828 statim
597 2782 709 2842 orum,
737 2758 771 2827 id
792 2771 843 2827 est
861 2759 1026 2850 turpitudo
1045 2757 1193 2825 infamiae

63 2858 98 2913 et
121 2844 339 2928 immunditia,
368 2857 402 2913 et
427 2844 546 2950 pollata
571 2846 604 2911 in
634 2846 705 2935 ipsu
732 2846 925 2914 couscientia
946 2846 1099 2913 oriuntur.
1140 2844 1234 2917 Esnn

85 2953 198 2998 uarum
230 2953 337 2998 rernm
366 2930 476 2998 lomlte
510 2931 583 2997 mali
614 2931 743 3034 quidam
793 2932 920 2999 ullulent
945 2930 1017 3012 filii,
1050 2927 1196 3029 videlicet

92 3040 194 3084 sorum
215 3016 424 3084 malivolentia
447 3028 479 3084 et
500 3017 674 3098 detractio,
705 3030 740 3086 ut
800 3017 906 3099 elenu;
936 3017 1031 3084 timor
1059 3013 1195 3095 alnonis,

62 3112 99 3169 ut
120 3101 252 3183 Pollux;
276 3102 488 3192 perennisque
509 3102 718 3192 poenitentia,
739 3114 775 3171 ut
789 3104 916 3170 Castor.
934 3130 944 3173 r
959 3103 1047 3168 Sane
1066 3099 1126 3165 alia
1146 3100 1194 3165 la-

57 3187 135 3259 „bsla
157 3186 272 3267 habet,
300 3187 455 3255 Helenam
483 3202 516 3255 et
539 3187 703 3255 Pollucem
725 3187 768 3253 de
786 3188 870 3255 Jove
890 3197 980 3255 natos
1001 3185 1194 3253 immortales

63 3273 221 3348 extitisse,
242 3275 475 3362 Castoremque
507 3273 651 3375 'Ppndari
672 3274 768 3340 filium
790 3273 954 3342 mortalem
974 3272 1081 3340 luisse.
1125 3272 1236 3349 Cu-35

57 3357 110 3447 jus
139 3369 274 3427 mortem
303 3382 362 3427 suo
383 3359 507 3425 interitu
530 3364 668 3426 tratema
689 3359 791 3448 pietas
816 3359 967 3438 redemit,
998 3368 1032 3425 et
1051 3378 1141 3423 suam
1163 3356 1193 3422 ei

62 3441 255 3533 divinitatem
274 3444 362 3511 Joris
384 3467 540 3512 concessu
560 3443 741 3511 dimidiavit.
771 3444 1083 3593 Traditurnamque,
1106 3440 1195 3531 quod
1286 3447 1288 3451 ’

64 3551 99 3594 se
128 3528 244 3596 Pollux
275 3529 378 3596 occidi
411 3529 589 3620 permiserit
621 3551 685 3618 qua
717 3539 811 3617 parte
841 3530 981 3603 mortalis
1028 3527 1125 3607 uerit,
1141 3537 1196 3594 'ut

10 3680 17 3705 ‚
64 3616 184 3683 Castor
202 3615 466 3685 immortalitatem
487 3626 681 3697 mereretur,
713 3615 824 3702 sicque
851 3638 941 3683 suam
970 3636 1043 3680 cnm
1065 3618 1105 3679 eo
1125 3610 1193 3678 dei·
1230 3680 1233 3685 ,

10 3710 23 3735 “
64 3711 162 3769 tatem
183 3701 318 3792 partitus
338 3702 388 3770 sit
431 3700 528 3777 Quod
553 3699 628 3767 ideo
657 3701 809 3788 lingitur,
864 3704 915 3768 uia
944 3721 1054 3766 eorum
1082 3698 1233 3776 stellaeso

10 3800 20 3851 ².
63 3785 105 3853 ita
134 3811 171 3855 se
198 3786 333 3867 habeut,
367 3799 404 3855 ut
433 3786 510 3867 dum
537 3787 637 3855 oritur
651 3785 778 3866 altera,
811 3786 853 3852 ad
878 3809 919 3853 uc
947 3786 1044 3854 altera
1073 3783 1191 3865 lateat;

64 3870 202 3963 itemque
220 3883 295 3962 post
315 3872 426 3960 prioris
457 3895 625 3954 occasum,
652 3871 810 3960 posterior
835 3871 942 3940 adhuc
970 3869 1192 3958 aliquantisper

10 4014 15 4035 ,
66 3970 225 4047 spereat.
279 3957 377 4035 Quod
405 3948 620 4110 enimgalterp
645 3954 829 4038 occidente,
867 3958 967 4025 altera
993 3955 1129 4025 oriatur.
1159 3952 1223 4053 et)

10 4073 22 4115 s
91 4057 160 4134 tera
179 4043 313 4128 oriente,
335 4043 433 4135 altera
455 4067 497 4111 oc
517 4043 594 4120 ndat,
615 4054 650 4110 ut
669 4066 689 4108 a
709 4041 865 4131 plerisque
886 4042 949 4110 dici
970 4042 1059 4121 solet,
1082 4063 1190 4107 rorum

10 4162 27 4200 ι·
68 4130 145 4196 nula
166 4130 289 4198 ratione
310 4153 382 4197 esse
402 4140 527 4219 potest,
556 4151 653 4217 quum
673 4126 815 4216 ipsorum
835 4128 945 4201 stellae
966 4139 998 4195 et
1019 4126 1189 4212 contiguae
1199 4156 1231 4205 45

44 4244 47 4249 ·
69 4214 140 4299 sint,
173 4228 208 4285 et
229 4215 315 4285 idem
336 4217 462 4304 signum
485 4214 620 4295 iaciant,
641 4210 728 4302 quod
748 4213 903 4282 Geminos
925 4210 1124 4313 appellamus.

758 4329 875 4440 'll‘
