2684 4606
217 259 225 280 ,
344 157 571 258 uquam
605 156 677 230 ιιι.
732 98 772 230 a.
826 154 896 227 aa
1002 115 1010 129 ’
1120 155 1205 257 eor

66 367 129 432 que
150 345 183 411 in
214 343 412 415 coturnicem
438 353 506 422 est3
540 349 574 409 et
600 364 702 430 quum
719 341 824 431 ¹vellet
859 359 947 408 mare
983 342 1228 423 transfretare·
1296 342 1301 355 ⁸

66 430 155 516 quod
174 443 225 499 est
250 442 326 499 cotu
346 431 467 506 nicuun,
497 427 607 498 afflata
631 451 651 493 a
672 430 752 495 Jove
774 440 807 494 et
827 427 858 492 in
880 424 1017 516 lapidem
1038 442 1204 510 conversa,
1281 442 1284 449 '

58 517 123 583 aiu
161 518 224 589 sub
250 452 402 583 flucdnus
422 514 537 583 latuit.
592 514 798 602 subticente
828 524 934 580 tamen
968 514 1039 579 Jori
1065 514 1206 593 Latona,

48 602 168 668 ‚levata
193 601 368 691 superferri
389 599 478 687 aquis
500 599 618 688 coepit.
658 539 780 667 bostea
800 621 898 687 quum
919 600 1005 665 Juno
1027 599 1202 687 gravidam,

53 688 219 777 ‘Pythone
241 687 355 768 misso,
394 685 553 752 Latonam
583 688 841 774 persequeretur,
866 687 957 752 terris
982 688 1126 753 omuibus
1150 701 1229 750 err-c
1281 740 1284 746 .

68 773 176 861 pulsa,
214 771 344 854 tandem
382 769 551 863 aliquando
571 774 628 838 -ab
659 764 853 860 applicantc'
869 795 904 837 se
926 771 1067 837 litoribus
1095 768 1218 838 sorore'

69 869 221 946 suscepta
244 870 310 935 est,
333 865 365 922 ct
385 855 447 921 illic
467 855 603 922 Dianam
648 859 744 935 rimo,
778 858 1043 945 post-Apollinem
1066 857 1211 946 peperit,
1273 858 1277 865 ’

70 944 254 1031 quistatim
276 942 384 1008 occiso
418 941 568 1029 Pythone
598 880 683 1010 ullus
714 954 763 1010 est
784 943 893 1008 matris
913 943 1066 1032 injuriam.
1120 945 1208 1009 Sane
1236 968 1269 999 :a-

70 1041 146 1095 nata
176 1029 283 1094 Diana
322 1027 510 1116 parturienti
537 1029 710 1115 Apollinem
746 1028 840 1112 matri
876 1028 991 1117 dicitur
1021 1029 1209 1117 praebuisse

68 1116 252 1200 ⁴obstetricis
273 1113 424 1179 osticium.
476 1112 571 1179 Unde
602 1130 704 1203 quum
730 1114 837 1180 Diana
858 1114 899 1181 sit
919 1116 1027 1201 virgo,
1061 1126 1167 1193 tamen
1183 1109 1251 1183 'alc

72 1200 323 1288 parturientibus
343 1200 535 1264 invocatura*
573 1200 667 1265 Haec
687 1190 831 1289 'namque
863 1211 913 1274 est
939 1199 1117 1267 secundum
1146 1223 1209 1264 nou
1260 1237 1263 1245 ·
1298 1248 1300 1253 2

71 1307 194 1373 pancos
215 1282 320 1353 Diana
341 1285 426 1350 Juno
454 1284 656 1374 Proserpina.
710 1285 796 1352 Nata
815 1284 915 1372 igitur
936 1286 1064 1352 numina
1092 1298 1210 1352 terram

72 1363 131 1438 sibi
154 1372 292 1439 natalem
314 1392 424 1435 errare
445 1391 508 1435 non
529 1393 624 1458 passa
647 1382 737 1447 sunt,
770 1370 828 1436 sed
858 1393 929 1436 eam
950 1371 1074 1438 duabus
1102 1370 1211 1438 insulid

72 1457 297 1543 religaverunt.
342 1456 466 1521 Veritas
491 1478 565 1520 uero
588 1457 685 1544 longe
707 1455 766 1520 alia
789 1468 846 1522 est.
900 1456 984 1521 Nam
1006 1458 1088 1521 haec
1110 1456 1212 1523 insula
1318 1473 1321 1488 ·

72 1564 170 1629 quum
203 1554 311 1608 terrae
343 1554 434 1606 motu
462 1539 642 1621 laboraret,
661 1542 732 1628 ,qui
759 1541 882 1618 lit-sub
910 1543 1003 1608 terris
1033 1542 1256 1613 labentibusls

71 1628 191 1707 ventis,
221 1627 351 1701 oraculo
374 1624 520 1714 Apollinis
542 1638 756 1694 terraemotu
780 1625 889 1703 caruit.
933 1628 1017 1693 Nam
1039 1629 1214 1715 praecepit,
1251 1692 1257 1700 κ

73 1735 113 1778 nc
135 1712 199 1777 illic
218 1724 364 1779 mortuus
386 1735 420 1776 se
444 1712 582 1791 eliretur,
605 1727 638 1779 et
652 1711 747 1802 jussit
776 1712 933 1798 quaedam
957 1714 1112 1779 sacrificia
1133 1713 1213 1778 fieri.

22 1837 32 1844 ·
72 1798 197 1866 Postea
217 1821 237 1864 c
258 1799 395 1887 Mycono
417 1735 609 1950 drymoque,
631 1799 736 1880 vicinis
758 1797 883 1875 insulis,
923 1800 1029 1887 populi
1051 1809 1214 1880 venerunt,

70 1885 222 1971 ¹qui‘eam
245 1894 399 1950 tenerent.
455 1883 529 1958 ero
583 1896 687 1950 antem
710 1884 814 1951 Diana
837 1885 923 1972 prius
956 1898 1030 1953 nata
1059 1898 1125 1964 est,
1162 1907 1214 1950 ra·

74 1968 170 2035 tionis
193 1982 253 2036 est.
307 1969 392 2033 Nam
416 1982 540 2037 constat
572 1966 706 2058 primum
739 1983 866 2037 noctem
895 1969 1011 2050 luisse,
1048 1971 1138 2057 cujus
1166 1971 1260 2041 in-ao

75 2067 287 2125 strumentum
309 2053 469 2139 estluna,
504 2054 538 2121 id
573 2068 622 2121 est
652 2055 785 2134 Dianas
810 2067 883 2143 post
913 2055 1033 2134 diem,
1053 2080 1146 2144 quem
1169 2055 1216 2121 sol

75 2141 193 2221 efficit,
216 2143 269 2227 qui
293 2153 342 2205 cst
361 2139 480 2240 Apollo.
524 2141 571 2207 Ut
593 2141 699 2206 autem
723 2140 822 2207 Delos
867 2138 944 2207 rimo
967 2132 1107 2231 Ortygia
1129 2141 1217 2208 dicc-

74 2236 184 2304 retur‚
206 2227 315 2295 fiotum
339 2223 456 2292 dicrtru
478 2249 497 2291 a
517 2226 698 2305 coturnice,
721 2247 804 2312 quae
865 2248 960 2292 raece
984 2221 1219 2316 ὀρτυγομήτρα

10 2324 21 2355 -’
77 2309 273 2400 appellatum
301 2309 402 2376 Delos
425 2323 544 2396 autem,
566 2312 639 2397 qnia
661 2310 715 2375 diu
735 2311 844 2390 latuit,
867 2325 899 2379 et
920 2315 1031 2401 postea
1054 2317 1218 2400 apparuit3
1255 2378 1257 2383 Α

75 2420 152 2477 nam
182 2397 286 2485 δῆλον
322 2396 440 2462 Graeci
480 2393 710 2481 manifestum
746 2396 874 2476 dicunt3
908 2398 956 2463 uel
1017 2399 1081 2463 uod
1114 2398 1262 2467 veniosae

50 2492 230 2573 putatur,
259 2480 335 2584 quia
352 2504 454 2632 quum
475 2483 595 2570 ubique
623 2480 771 2568 Apollinis
794 2504 951 2570 responsa
984 2423 1124 2557 dbscura
1148 2485 1220 2565 sint,

77 2569 250 2636 manifesta
270 2566 332 2634 illic
376 2580 469 2636 antur
497 2567 636 2634 oracula.
839 2647 841 2652 s
1166 2606 1169 2613 -

166 2656 197 2724 4.
241 2636 414 2741 Apollinem
448 2653 542 2720 etiam
571 2659 689 2741 politae
718 2674 952 2743 nonnumquam
984 2653 1152 2740 parentem
1173 2651 1221 2719 di-

81 2750 177 2819 cnnt,
214 2737 248 2805 id
269 2750 319 2806 cst
339 2739 478 2805 omnium
508 2752 702 2818 creatorem,
741 2737 827 2827 quod
849 2736 996 2805 videlicet
1016 2737 1166 2827 quicquid
1188 2741 1222 2805 in

80 2839 171 2894 terra
193 2826 241 2890 vel
261 2825 293 2891 iu
313 2827 394 2892 mari
414 2825 570 2900 nascitur,
606 2835 759 2913 operante
787 2822 861 2890 solis
892 2823 1001 2889 colore
1022 2837 1266 2912 procreaturae

80 2909 233 2979 Eundem
255 2917 380 2990 tamen,
417 2934 515 2999 quum
548 2911 589 2976 sit
609 2923 718 2999 pater,
752 2910 927 2975 imberbem
950 2909 1103 2998 pingunt,
1132 2911 1221 2999 quod

82 2996 218 3082 singulis
246 2995 359 3062 diebus
394 2995 711 3083 renascendo'quasi
730 2996 855 3084 ‘junior
876 2995 1030 3062 iideatur.
1091 2999 1158 3063 Sed
1190 3009 1224 3065 et

20 3082 25 3088 ’
82 3083 260 3158 Phoebus,
280 3080 314 3146 id
337 3091 387 3149 est
408 3105 516 3146 novus
538 3081 701 3158 vocatur,
718 3082 765 3147 vel
787 3080 873 3170 quod
897 3103 1009 3148 revera
1028 3082 1074 3149 sol
1095 3085 1126 3148 in
1149 3096 1224 3150 ortu

83 3191 144 3236 sno
166 3166 310 3254 quotidie
331 3189 432 3233 nouus
462 3179 631 3254 appareat,
663 3166 712 3232 vel
738 3167 825 3255 quod
848 3167 1023 3234 secundum
1044 3170 1223 3255 Epicureos

83 3254 127 3320 de
149 3254 263 3321 atomis
284 3263 450 3332 constare,
479 3265 606 3318 etcum
628 3251 788 3334 dienasci
809 3265 935 3320 etcum
957 3254 1009 3319 die
1032 3256 1138 3342 perire
1158 3269 1267 3328 tra-35
1294 3297 1298 3301 -

84 3340 191 3407 datur.
247 3338 396 3413 intonsus
439 3338 597 3425 pingitur,
645 3337 733 3427 quod
772 3339 919 3427 aequales
954 3341 1042 3406 annis
1080 3341 1224 3405 omnibus

83 3425 196 3492 radios
225 3423 389 3491 ministret.
444 3425 570 3502 Dicitur
599 3433 633 3490 et
666 3425 847 3492 auricomus
867 3449 886 3489 a
907 3424 1077 3511 splendore
1107 3447 1225 3504 anreo;
1259 3490 1261 3495 .

83 3513 230 3601 itemque
247 3509 432 3596 sagittarios
453 3533 473 3574 a
493 3511 655 3585 radiorum
675 3509 807 3598 jaculis,
837 3511 951 3598 quibus
980 3534 1104 3594 omnem
1129 3534 1225 3599 pene·
1318 3558 1320 3563 -

71 3602 154 3664 *trat
189 3594 352 3663 muudum.
392 3595 714 3685 .Honc¹pbilosophi
742 3610 774 3663 et
804 3604 921 3684 potitae
955 3619 1039 3663 nunc
1069 3618 1127 3684 pro
1156 3596 1226 3684 ipso

85 3682 174 3759 sole,
215 3702 299 3747 nunc
327 3702 385 3766 pro
408 3683 534 3766 augurii
557 3682 622 3747 siue
651 3681 826 3769 sapientiae
848 3682 913 3748 sive
933 3683 1129 3749 medicorum
1153 3683 1270 3761 dcc,40
1295 3748 1301 3759 ,

86 3789 175 3834 nuuc
197 3789 256 3853 pro
280 3765 454 3837 divinatore
475 3767 599 3856 aliquo,
621 3789 706 3833 nunc
747 3791 784 3833 ro
804 3767 873 3856 ipso
895 3769 1035 3848 mundo,
1064 3790 1151 3850 nunc
1169 3789 1227 3856 pro

87 3852 234 3942 quolibet
255 3851 399 3938 sapiente
419 3852 504 3927 viro,
534 3876 621 3919 nunc
641 3876 699 3940 pro
720 3792 878 3919 dumana'e
900 3856 985 3920 vocis
1013 3852 1251 3934 modulatione·
1320 3880 1323 3885 ·

88 3959 215 4029 ponere
257 3947 462 4004 consuerunt.
524 3939 562 4004 In
594 3938 686 4028 hujus
721 3938 852 4006 tutelam
887 3939 1009 4004 laurum
1050 3940 1230 4020 ascribunt3
1247 3948 1273 3998 cl

86 4024 178 4092 uude
200 4035 234 4090 et
254 4022 431 4109 Daphnen,
461 4046 545 4111 quae
566 4023 672 4092 laurus
692 4023 934 4113 interpretatur,
968 4024 1073 4090 Penei
1091 4024 1229 4092 fluminis

87 4113 205 4188 filiam,
230 4131 356 4175 amasse
377 4106 501 4173 dicitur.
544 4109 641 4176 Unde
662 4121 768 4176 autem
788 4111 894 4176 laurus
914 4110 974 4185 nisi
995 4109 1038 4175 de
1059 4111 1149 4197 aquis
1168 4111 1273 4181 flu-m

10 4226 18 4285 :'
90 4197 225 4262 vialibus
244 4194 335 4259 nasci
357 4195 528 4269 credatur-t
561 4196 748 4284 praesertim
770 4219 845 4264 vcro
865 4195 951 4267 illius
976 4195 1123 4287 liquimus
1147 4194 1249 4277 rupae
1271 4229 1277 4241 x

1319 2112 1332 2148 b
