<?xml version="1.0" encoding="UTF-8"?>
<!DOCTYPE html PUBLIC "-//W3C//DTD XHTML 1.0 Transitional//EN"
    "http://www.w3.org/TR/xhtml1/DTD/xhtml1-transitional.dtd">
<html xmlns="http://www.w3.org/1999/xhtml" xml:lang="en" lang="en">
 <head>
  <title>
</title>
<meta http-equiv="Content-Type" content="text/html;charset=utf-8" />
  <meta name='ocr-system' content='tesseract 3.04.00' />
  <meta name='ocr-capabilities' content='ocr_page ocr_carea ocr_par ocr_line ocrx_word'/>
</head>
<body>
  <div class='ocr_page' id='page_1' title='image "./scriptoresrereu00bodegoog_0089.png"; bbox 0 0 2684 4606; ppageno 0'>
   <div class='ocr_carea' id='block_1_1' title="bbox 144 92 1331 259">
    <p class='ocr_par' dir='ltr' id='par_1_1' title="bbox 144 92 1331 259">
     <span class='ocr_line' id='line_1_1' title="bbox 144 92 1331 259; baseline -0.004 -23"><span class='ocrx_word' id='word_1_1' title='bbox 144 153 201 236; x_wconf 80' lang='lat' dir='ltr'><strong>oa</strong></span> <span class='ocrx_word' id='word_1_2' title='bbox 483 154 703 259; x_wconf 48' lang='lat' dir='ltr'><strong>‘unum</strong></span> <span class='ocrx_word' id='word_1_3' title='bbox 731 153 787 231; x_wconf 69' lang='lat'><strong>1:</strong></span> <span class='ocrx_word' id='word_1_4' title='bbox 819 151 956 239; x_wconf 71' lang='lat' dir='ltr'><strong>aaa:</strong></span> <span class='ocrx_word' id='word_1_5' title='bbox 1242 152 1252 181; x_wconf 61' lang='lat'>³</span> <span class='ocrx_word' id='word_1_6' title='bbox 1324 92 1331 205; x_wconf 84' lang='lat' dir='ltr'><strong>l</strong></span> 
     </span>
    </p>
   </div>
   <div class='ocr_carea' id='block_1_2' title="bbox 98 337 1331 2041">
    <p class='ocr_par' dir='ltr' id='par_1_2' title="bbox 98 337 1331 2041">
     <span class='ocr_line' id='line_1_2' title="bbox 143 337 1293 422; baseline -0.007 -9"><span class='ocrx_word' id='word_1_7' title='bbox 143 366 231 413; x_wconf 88' lang='lat' dir='ltr'><strong>mum</strong></span> <span class='ocrx_word' id='word_1_8' title='bbox 254 342 412 411; x_wconf 81' lang='lat' dir='ltr'><strong>civitatem</strong></span> <span class='ocrx_word' id='word_1_9' title='bbox 433 337 587 407; x_wconf 77' lang='lat' dir='ltr'><strong>condidit</strong></span> <span class='ocrx_word' id='word_1_10' title='bbox 630 341 676 412; x_wconf 80' lang='lat' dir='ltr'><strong>ut</strong></span> <span class='ocrx_word' id='word_1_11' title='bbox 702 340 832 411; x_wconf 84' lang='lat' dir='ltr'><strong>hortatu</strong></span> <span class='ocrx_word' id='word_1_12' title='bbox 853 343 991 410; x_wconf 90' lang='lat' dir='ltr'><strong>deorum</strong></span> <span class='ocrx_word' id='word_1_13' title='bbox 1021 339 1223 422; x_wconf 86' lang='lat' dir='ltr'><strong>admonitus,</strong></span> <span class='ocrx_word' id='word_1_14' title='bbox 1260 341 1293 405; x_wconf 85' lang='lat' dir='ltr'><strong>in</strong></span> 
     </span>
     <span class='ocr_line' id='line_1_3' title="bbox 144 424 1294 518; baseline -0.003 -21"><span class='ocrx_word' id='word_1_15' title='bbox 144 430 270 507; x_wconf 85' lang='lat' dir='ltr'><strong>Italiam</strong></span> <span class='ocrx_word' id='word_1_16' title='bbox 298 425 449 517; x_wconf 83' lang='lat' dir='ltr'><strong>perrexit</strong></span> <span class='ocrx_word' id='word_1_17' title='bbox 488 426 578 493; x_wconf 84' lang='lat' dir='ltr'><strong>.Stro</strong></span> <span class='ocrx_word' id='word_1_18' title='bbox 600 425 702 494; x_wconf 86' lang='lat' dir='ltr'><strong>badas</strong></span> <span class='ocrx_word' id='word_1_19' title='bbox 730 438 763 495; x_wconf 93' lang='lat' dir='ltr'><strong>et</strong></span> <span class='ocrx_word' id='word_1_20' title='bbox 789 427 904 498; x_wconf 88' lang='lat' dir='ltr'><strong>multas</strong></span> <span class='ocrx_word' id='word_1_21' title='bbox 932 437 1103 518; x_wconf 87' lang='lat' dir='ltr'><strong>praeterea</strong></span> <span class='ocrx_word' id='word_1_22' title='bbox 1129 424 1294 495; x_wconf 80' lang='lat' dir='ltr'><strong>Graeciae</strong></span> 
     </span>
     <span class='ocr_line' id='line_1_4' title="bbox 143 510 1293 665; baseline -0.001 -83"><span class='ocrx_word' id='word_1_23' title='bbox 143 515 262 606; x_wconf 83' lang='lat' dir='ltr'><strong>insulas</strong></span> <span class='ocrx_word' id='word_1_24' title='bbox 290 512 505 618; x_wconf 86' lang='lat' dir='ltr'><strong>praeteriens,</strong></span> <span class='ocrx_word' id='word_1_25' title='bbox 541 534 560 579; x_wconf 88' lang='lat' dir='ltr'><strong>a</strong></span> <span class='ocrx_word' id='word_1_26' title='bbox 601 510 772 579; x_wconf 84' lang='lat' dir='ltr'><strong>&#39;Helenum</strong></span> <span class='ocrx_word' id='word_1_27' title='bbox 799 514 837 589; x_wconf 85' lang='lat' dir='ltr'><strong>in</strong></span> <span class='ocrx_word' id='word_1_28' title='bbox 862 512 1015 605; x_wconf 85' lang='lat' dir='ltr'><strong>Acbajam</strong></span> <span class='ocrx_word' id='word_1_29' title='bbox 1043 512 1136 580; x_wconf 83' lang='lat' dir='ltr'><strong>venit</strong></span> <span class='ocrx_word' id='word_1_30' title='bbox 1188 512 1293 665; x_wconf 55' lang='lat' dir='ltr'><strong>(loquo</strong></span> 
     </span>
     <span class='ocr_line' id='line_1_5' title="bbox 143 596 1294 689; baseline -0.002 -22"><span class='ocrx_word' id='word_1_31' title='bbox 143 600 368 668; x_wconf 71' lang='lat' dir='ltr'><strong>vaticinatione</strong></span> <span class='ocrx_word' id='word_1_32' title='bbox 388 597 542 677; x_wconf 90' lang='lat' dir='ltr'><strong>monitus,</strong></span> <span class='ocrx_word' id='word_1_33' title='bbox 573 596 616 664; x_wconf 91' lang='lat' dir='ltr'><strong>ad</strong></span> <span class='ocrx_word' id='word_1_34' title='bbox 634 598 708 665; x_wconf 88' lang='lat' dir='ltr'><strong>litus</strong></span> <span class='ocrx_word' id='word_1_35' title='bbox 728 596 857 681; x_wconf 84' lang='lat' dir='ltr'><strong>Italiae,</strong></span> <span class='ocrx_word' id='word_1_36' title='bbox 887 599 976 689; x_wconf 89' lang='lat' dir='ltr'><strong>quod</strong></span> <span class='ocrx_word' id='word_1_37' title='bbox 998 621 1061 665; x_wconf 93' lang='lat' dir='ltr'><strong>non</strong></span> <span class='ocrx_word' id='word_1_38' title='bbox 1083 597 1183 687; x_wconf 80' lang='lat' dir='ltr'><strong>longe</strong></span> <span class='ocrx_word' id='word_1_39' title='bbox 1203 597 1234 664; x_wconf 82' lang='lat' dir='ltr'><strong>ri</strong></span> <span class='ocrx_word' id='word_1_40' title='bbox 1258 620 1294 665; x_wconf 92' lang='lat' dir='ltr'><strong>e-</strong></span> 
     </span>
     <span class='ocr_line' id='line_1_6' title="bbox 119 682 1293 774; baseline 0.001 -24"><span class='ocrx_word' id='word_1_41' title='bbox 119 687 223 767; x_wconf 80' lang='lat' dir='ltr'><strong>obat,</strong></span> <span class='ocrx_word' id='word_1_42' title='bbox 253 684 396 769; x_wconf 88' lang='lat' dir='ltr'><strong>devenit,</strong></span> <span class='ocrx_word' id='word_1_43' title='bbox 427 694 460 749; x_wconf 90' lang='lat' dir='ltr'><strong>et</strong></span> <span class='ocrx_word' id='word_1_44' title='bbox 485 702 544 771; x_wconf 91' lang='lat' dir='ltr'><strong>per</strong></span> <span class='ocrx_word' id='word_1_45' title='bbox 564 705 621 749; x_wconf 88' lang='lat' dir='ltr'><strong>eas</strong></span> <span class='ocrx_word' id='word_1_46' title='bbox 641 682 751 765; x_wconf 87' lang='lat' dir='ltr'><strong>Italiae</strong></span> <span class='ocrx_word' id='word_1_47' title='bbox 772 707 845 751; x_wconf 86' lang='lat' dir='ltr'><strong>oras</strong></span> <span class='ocrx_word' id='word_1_48' title='bbox 869 686 1039 773; x_wconf 79' lang='lat' dir='ltr'><strong>navigans,</strong></span> <span class='ocrx_word' id='word_1_49' title='bbox 1069 707 1149 774; x_wconf 86' lang='lat' dir='ltr'><strong>quas</strong></span> <span class='ocrx_word' id='word_1_50' title='bbox 1170 684 1293 751; x_wconf 83' lang='lat' dir='ltr'><strong>Graeci</strong></span> 
     </span>
     <span class='ocr_line' id='line_1_7' title="bbox 142 768 1292 861; baseline -0.003 -21"><span class='ocrx_word' id='word_1_51' title='bbox 142 773 227 840; x_wconf 88' lang='lat' dir='ltr'><strong>inter</strong></span> <span class='ocrx_word' id='word_1_52' title='bbox 246 771 370 840; x_wconf 90' lang='lat' dir='ltr'><strong>Italiam</strong></span> <span class='ocrx_word' id='word_1_53' title='bbox 391 782 424 839; x_wconf 89' lang='lat' dir='ltr'><strong>et</strong></span> <span class='ocrx_word' id='word_1_54' title='bbox 445 768 584 835; x_wconf 89' lang='lat' dir='ltr'><strong>Siciliam</strong></span> <span class='ocrx_word' id='word_1_55' title='bbox 608 780 741 849; x_wconf 81' lang='lat' dir='ltr'><strong>vocant,</strong></span> <span class='ocrx_word' id='word_1_56' title='bbox 774 794 847 838; x_wconf 90' lang='lat' dir='ltr'><strong>oum</strong></span> <span class='ocrx_word' id='word_1_57' title='bbox 874 792 996 860; x_wconf 81' lang='lat' dir='ltr'><strong>magno</strong></span> <span class='ocrx_word' id='word_1_58' title='bbox 1025 770 1136 837; x_wconf 91' lang='lat' dir='ltr'><strong>labore</strong></span> <span class='ocrx_word' id='word_1_59' title='bbox 1158 769 1202 837; x_wconf 91' lang='lat' dir='ltr'><strong>ad</strong></span> <span class='ocrx_word' id='word_1_60' title='bbox 1223 770 1292 861; x_wconf 72' lang='lat'><strong>05-</strong></span> 
     </span>
     <span class='ocr_line' id='line_1_8' title="bbox 144 854 1293 961; baseline -0.002 -37"><span class='ocrx_word' id='word_1_61' title='bbox 144 857 253 961; x_wconf 88' lang='lat' dir='ltr'><strong>clopas</strong></span> <span class='ocrx_word' id='word_1_62' title='bbox 286 857 379 924; x_wconf 86' lang='lat' dir='ltr'><strong>venit.</strong></span> <span class='ocrx_word' id='word_1_63' title='bbox 432 854 478 922; x_wconf 77' lang='lat' dir='ltr'><strong>Et</strong></span> <span class='ocrx_word' id='word_1_64' title='bbox 510 876 609 942; x_wconf 90' lang='lat' dir='ltr'><strong>quom</strong></span> <span class='ocrx_word' id='word_1_65' title='bbox 641 854 785 945; x_wconf 78' lang='lat' dir='ltr'>Drepani</span> <span class='ocrx_word' id='word_1_66' title='bbox 818 861 946 946; x_wconf 92' lang='lat' dir='ltr'><strong>portum</strong></span> <span class='ocrx_word' id='word_1_67' title='bbox 976 856 1194 946; x_wconf 85' lang='lat' dir='ltr'><strong>pervenisset,</strong></span> <span class='ocrx_word' id='word_1_68' title='bbox 1256 876 1293 922; x_wconf 90' lang='lat' dir='ltr'><strong>er</strong></span> 
     </span>
     <span class='ocr_line' id='line_1_9' title="bbox 142 937 1293 1031; baseline 0.001 -21"><span class='ocrx_word' id='word_1_69' title='bbox 142 944 284 1010; x_wconf 89' lang='lat' dir='ltr'><strong>Asrrcam</strong></span> <span class='ocrx_word' id='word_1_70' title='bbox 305 940 448 1031; x_wconf 84' lang='lat' dir='ltr'><strong>pervenit</strong></span> <span class='ocrx_word' id='word_1_71' title='bbox 466 940 583 1007; x_wconf 91' lang='lat' dir='ltr'><strong>iterum</strong></span> <span class='ocrx_word' id='word_1_72' title='bbox 605 937 648 1006; x_wconf 92' lang='lat' dir='ltr'><strong>ad</strong></span> <span class='ocrx_word' id='word_1_73' title='bbox 669 939 827 1024; x_wconf 83' lang='lat' dir='ltr'><strong>Siciliam,</strong></span> <span class='ocrx_word' id='word_1_74' title='bbox 853 941 961 1031; x_wconf 81' lang='lat' dir='ltr'>ibique</span> <span class='ocrx_word' id='word_1_75' title='bbox 979 944 1128 1010; x_wconf 78' lang='lat' dir='ltr'><strong>Acestam</strong></span> <span class='ocrx_word' id='word_1_76' title='bbox 1146 964 1209 1008; x_wconf 89' lang='lat' dir='ltr'><strong>oon</strong></span> <span class='ocrx_word' id='word_1_77' title='bbox 1233 940 1293 1011; x_wconf 86' lang='lat' dir='ltr'><strong>rdit</strong></span> 
     </span>
     <span class='ocr_line' id='line_1_10' title="bbox 143 1024 1292 1118; baseline 0.001 -24"><span class='ocrx_word' id='word_1_78' title='bbox 143 1030 267 1095; x_wconf 90' lang='lat' dir='ltr'><strong>urbem.</strong></span> <span class='ocrx_word' id='word_1_79' title='bbox 321 1024 447 1093; x_wconf 83' lang='lat' dir='ltr'>Deinde</span> <span class='ocrx_word' id='word_1_80' title='bbox 475 1024 598 1092; x_wconf 89' lang='lat' dir='ltr'><strong>Italiam</strong></span> <span class='ocrx_word' id='word_1_81' title='bbox 626 1025 798 1113; x_wconf 81' lang='lat' dir='ltr'><strong>navigans,</strong></span> <span class='ocrx_word' id='word_1_82' title='bbox 835 1049 902 1094; x_wconf 91' lang='lat' dir='ltr'><strong>non</strong></span> <span class='ocrx_word' id='word_1_83' title='bbox 931 1027 1030 1115; x_wconf 84' lang='lat' dir='ltr'><strong>longe</strong></span> <span class='ocrx_word' id='word_1_84' title='bbox 1062 1052 1083 1095; x_wconf 93' lang='lat' dir='ltr'><strong>a</strong></span> <span class='ocrx_word' id='word_1_85' title='bbox 1112 1028 1292 1118; x_wconf 82' lang='lat' dir='ltr'><strong>Campania</strong></span> 
     </span>
     <span class='ocr_line' id='line_1_11' title="bbox 103 1110 1292 1205; baseline 0.003 -27"><span class='ocrx_word' id='word_1_86' title='bbox 103 1112 300 1182; x_wconf 80' lang='lat' dir='ltr'><strong>toEuboicis</strong></span> <span class='ocrx_word' id='word_1_87' title='bbox 318 1111 462 1180; x_wconf 89' lang='lat' dir='ltr'><strong>litoribus</strong></span> <span class='ocrx_word' id='word_1_88' title='bbox 484 1110 639 1198; x_wconf 79' lang='lat' dir='ltr'><strong>allapsus,</strong></span> <span class='ocrx_word' id='word_1_89' title='bbox 667 1112 847 1180; x_wconf 79' lang='lat' dir='ltr'><strong>Cumanam</strong></span> <span class='ocrx_word' id='word_1_90' title='bbox 874 1111 1010 1181; x_wconf 87' lang='lat' dir='ltr'><strong>consulit</strong></span> <span class='ocrx_word' id='word_1_91' title='bbox 1030 1111 1194 1205; x_wconf 81' lang='lat' dir='ltr'><strong>Sibyllam,</strong></span> <span class='ocrx_word' id='word_1_92' title='bbox 1216 1136 1292 1181; x_wconf 88' lang='lat' dir='ltr'><strong>cum</strong></span> 
     </span>
     <span class='ocr_line' id='line_1_12' title="bbox 167 1193 1329 1277; baseline 0.002 -12"><span class='ocrx_word' id='word_1_93' title='bbox 167 1223 208 1267; x_wconf 90' lang='lat' dir='ltr'><strong>ua</strong></span> <span class='ocrx_word' id='word_1_94' title='bbox 238 1199 280 1267; x_wconf 88' lang='lat' dir='ltr'><strong>ad</strong></span> <span class='ocrx_word' id='word_1_95' title='bbox 314 1198 473 1265; x_wconf 77' lang='lat' dir='ltr'><strong>infernum</strong></span> <span class='ocrx_word' id='word_1_96' title='bbox 504 1193 689 1277; x_wconf 85' lang='lat' dir='ltr'><strong>descendit,</strong></span> <span class='ocrx_word' id='word_1_97' title='bbox 726 1208 763 1267; x_wconf 90' lang='lat' dir='ltr'><strong>ut</strong></span> <span class='ocrx_word' id='word_1_98' title='bbox 797 1209 914 1267; x_wconf 84' lang='lat' dir='ltr'><strong>cuncta</strong></span> <span class='ocrx_word' id='word_1_99' title='bbox 952 1222 993 1265; x_wconf 88' lang='lat' dir='ltr'><strong>co</strong></span> <span class='ocrx_word' id='word_1_100' title='bbox 1020 1211 1178 1268; x_wconf 79' lang='lat' dir='ltr'><strong>nosceret.</strong></span> <span class='ocrx_word' id='word_1_101' title='bbox 1246 1200 1293 1267; x_wconf 88' lang='lat' dir='ltr'><strong>Et</strong></span> <span class='ocrx_word' id='word_1_102' title='bbox 1324 1229 1329 1236; x_wconf 94' lang='lat'>·</span> 
     </span>
     <span class='ocr_line' id='line_1_13' title="bbox 143 1220 1310 1371; baseline 0.002 -20"><span class='ocrx_word' id='word_1_103' title='bbox 143 1224 263 1351; x_wconf 82' lang='lat' dir='ltr'><strong>deinde</strong></span> <span class='ocrx_word' id='word_1_104' title='bbox 284 1282 452 1351; x_wconf 74' lang='lat' dir='ltr'><strong>circaeam</strong></span> <span class='ocrx_word' id='word_1_105' title='bbox 482 1280 616 1348; x_wconf 88' lang='lat' dir='ltr'><strong>insulam</strong></span> <span class='ocrx_word' id='word_1_106' title='bbox 646 1293 906 1371; x_wconf 82' lang='lat' dir='ltr'><strong>praetervectus,</strong></span> <span class='ocrx_word' id='word_1_107' title='bbox 941 1220 1073 1353; x_wconf 71' lang='lat' dir='ltr'><strong>tanllem</strong></span> <span class='ocrx_word' id='word_1_108' title='bbox 1101 1284 1144 1351; x_wconf 92' lang='lat' dir='ltr'><strong>ad</strong></span> <span class='ocrx_word' id='word_1_109' title='bbox 1165 1282 1310 1353; x_wconf 86' lang='lat' dir='ltr'><strong>Italiam·</strong></span> 
     </span>
     <span class='ocr_line' id='line_1_14' title="bbox 143 1366 1292 1459; baseline 0.001 -21"><span class='ocrx_word' id='word_1_110' title='bbox 143 1372 248 1447; x_wconf 89' lang='lat' dir='ltr'><strong>venit,</strong></span> <span class='ocrx_word' id='word_1_111' title='bbox 281 1370 396 1438; x_wconf 88' lang='lat' dir='ltr'><strong>ostium</strong></span> <span class='ocrx_word' id='word_1_112' title='bbox 421 1366 552 1435; x_wconf 78' lang='lat' dir='ltr'><strong>&#39;liberis</strong></span> <span class='ocrx_word' id='word_1_113' title='bbox 583 1368 721 1450; x_wconf 85' lang='lat' dir='ltr'><strong>intraus3</strong></span> <span class='ocrx_word' id='word_1_114' title='bbox 751 1370 859 1459; x_wconf 88' lang='lat' dir='ltr'><strong>ibique</strong></span> <span class='ocrx_word' id='word_1_115' title='bbox 886 1392 945 1459; x_wconf 90' lang='lat' dir='ltr'><strong>pro</strong></span> <span class='ocrx_word' id='word_1_116' title='bbox 976 1393 1058 1459; x_wconf 88' lang='lat' dir='ltr'><strong>paco</strong></span> <span class='ocrx_word' id='word_1_117' title='bbox 1085 1371 1164 1439; x_wconf 86' lang='lat' dir='ltr'><strong>satis</strong></span> <span class='ocrx_word' id='word_1_118' title='bbox 1187 1392 1292 1457; x_wconf 84' lang='lat' dir='ltr'><strong>agens</strong></span> 
     </span>
     <span class='ocr_line' id='line_1_15' title="bbox 145 1453 1291 1546; baseline 0.003 -24"><span class='ocrx_word' id='word_1_119' title='bbox 145 1458 254 1546; x_wconf 85' lang='lat' dir='ltr'><strong>petiit,</strong></span> <span class='ocrx_word' id='word_1_120' title='bbox 283 1468 316 1523; x_wconf 90' lang='lat' dir='ltr'><strong>et</strong></span> <span class='ocrx_word' id='word_1_121' title='bbox 336 1454 496 1523; x_wconf 71' lang='lat' dir='ltr'><strong>amicitiae</strong></span> <span class='ocrx_word' id='word_1_122' title='bbox 517 1453 660 1522; x_wconf 80' lang='lat' dir='ltr'><strong>Evandri</strong></span> <span class='ocrx_word' id='word_1_123' title='bbox 680 1453 806 1524; x_wconf 83' lang='lat' dir='ltr'><strong>&#39;unctus</strong></span> <span class='ocrx_word' id='word_1_124' title='bbox 826 1466 904 1537; x_wconf 74' lang='lat' dir='ltr'><strong>est,</strong></span> <span class='ocrx_word' id='word_1_125' title='bbox 916 1468 949 1525; x_wconf 91' lang='lat' dir='ltr'><strong>et</strong></span> <span class='ocrx_word' id='word_1_126' title='bbox 970 1455 1091 1522; x_wconf 84' lang='lat' dir='ltr'><strong>auxilio·</strong></span> <span class='ocrx_word' id='word_1_127' title='bbox 1103 1456 1291 1525; x_wconf 79' lang='lat' dir='ltr'><strong>Tuscorum</strong></span> 
     </span>
     <span class='ocr_line' id='line_1_16' title="bbox 99 1539 1292 1632; baseline 0 -21"><span class='ocrx_word' id='word_1_128' title='bbox 99 1555 267 1613; x_wconf 73' lang='lat' dir='ltr'><strong>usuuctus.</strong></span> <span class='ocrx_word' id='word_1_129' title='bbox 325 1540 393 1609; x_wconf 83' lang='lat' dir='ltr'><strong>Sed</strong></span> <span class='ocrx_word' id='word_1_130' title='bbox 427 1563 447 1606; x_wconf 93' lang='lat' dir='ltr'><strong>a</strong></span> <span class='ocrx_word' id='word_1_131' title='bbox 479 1539 613 1622; x_wconf 71' lang='lat' dir='ltr'><strong>Turno,</strong></span> <span class='ocrx_word' id='word_1_132' title='bbox 683 1541 715 1606; x_wconf 94' lang='lat' dir='ltr'><strong>io</strong></span> <span class='ocrx_word' id='word_1_133' title='bbox 747 1541 863 1609; x_wconf 87' lang='lat' dir='ltr'><strong>Glauci</strong></span> <span class='ocrx_word' id='word_1_134' title='bbox 893 1552 928 1611; x_wconf 91' lang='lat' dir='ltr'><strong>et</strong></span> <span class='ocrx_word' id='word_1_135' title='bbox 954 1541 1117 1623; x_wconf 87' lang='lat' dir='ltr'><strong>Veniliae,</strong></span> <span class='ocrx_word' id='word_1_136' title='bbox 1154 1541 1292 1632; x_wconf 85' lang='lat' dir='ltr'><strong>reginae</strong></span> 
     </span>
     <span class='ocr_line' id='line_1_17' title="bbox 142 1625 1290 1729; baseline 0.002 -34"><span class='ocrx_word' id='word_1_137' title='bbox 142 1628 348 1709; x_wconf 86' lang='lat' dir='ltr'><strong>Rutulorum,</strong></span> <span class='ocrx_word' id='word_1_138' title='bbox 372 1626 453 1692; x_wconf 91' lang='lat' dir='ltr'><strong>bello</strong></span> <span class='ocrx_word' id='word_1_139' title='bbox 475 1636 645 1729; x_wconf 84' lang='lat' dir='ltr'><strong>exceptus,</strong></span> <span class='ocrx_word' id='word_1_140' title='bbox 668 1648 708 1692; x_wconf 95' lang='lat' dir='ltr'><strong>eo</strong></span> <span class='ocrx_word' id='word_1_141' title='bbox 728 1626 917 1707; x_wconf 80' lang='lat' dir='ltr'><strong>interiecto,</strong></span> <span class='ocrx_word' id='word_1_142' title='bbox 938 1625 1028 1694; x_wconf 86' lang='lat' dir='ltr'><strong>duxit</strong></span> <span class='ocrx_word' id='word_1_143' title='bbox 1047 1628 1116 1718; x_wconf 87' lang='lat' dir='ltr'><strong>ejus</strong></span> <span class='ocrx_word' id='word_1_144' title='bbox 1136 1650 1290 1715; x_wconf 88' lang='lat' dir='ltr'><strong>sponsum</strong></span> 
     </span>
     <span class='ocr_line' id='line_1_18' title="bbox 141 1709 1290 1805; baseline 0.001 -24"><span class='ocrx_word' id='word_1_145' title='bbox 141 1714 328 1794; x_wconf 79' lang='lat' dir='ltr'><strong>Lavinium,</strong></span> <span class='ocrx_word' id='word_1_146' title='bbox 360 1709 467 1779; x_wconf 88' lang='lat' dir='ltr'><strong>Latini</strong></span> <span class='ocrx_word' id='word_1_147' title='bbox 495 1732 532 1778; x_wconf 94' lang='lat' dir='ltr'><strong>re</strong></span> <span class='ocrx_word' id='word_1_148' title='bbox 557 1734 583 1778; x_wconf 84' lang='lat' dir='ltr'><strong>rs</strong></span> <span class='ocrx_word' id='word_1_149' title='bbox 616 1710 721 1779; x_wconf 86' lang='lat' dir='ltr'><strong>filiam.</strong></span> <span class='ocrx_word' id='word_1_150' title='bbox 779 1712 833 1779; x_wconf 88' lang='lat' dir='ltr'><strong>De</strong></span> <span class='ocrx_word' id='word_1_151' title='bbox 860 1713 951 1801; x_wconf 84' lang='lat' dir='ltr'><strong>cujus</strong></span> <span class='ocrx_word' id='word_1_152' title='bbox 980 1713 1108 1780; x_wconf 90' lang='lat' dir='ltr'><strong>nomine</strong></span> <span class='ocrx_word' id='word_1_153' title='bbox 1134 1714 1290 1805; x_wconf 89' lang='lat' dir='ltr'><strong>oppidum</strong></span> 
     </span>
     <span class='ocr_line' id='line_1_19' title="bbox 143 1732 1331 1890; baseline 0.001 -23"><span class='ocrx_word' id='word_1_154' title='bbox 143 1799 311 1867; x_wconf 80' lang='lat' dir='ltr'><strong>Lavinium</strong></span> <span class='ocrx_word' id='word_1_155' title='bbox 333 1796 492 1877; x_wconf 90' lang='lat' dir='ltr'><strong>condidit,</strong></span> <span class='ocrx_word' id='word_1_156' title='bbox 520 1732 629 1890; x_wconf 65' lang='lat' dir='ltr'><strong>idique</strong></span> <span class='ocrx_word' id='word_1_157' title='bbox 647 1795 746 1865; x_wconf 84' lang='lat' dir='ltr'><strong>ternis</strong></span> <span class='ocrx_word' id='word_1_158' title='bbox 769 1798 859 1867; x_wconf 88' lang='lat' dir='ltr'><strong>annis</strong></span> <span class='ocrx_word' id='word_1_159' title='bbox 881 1799 1038 1887; x_wconf 79' lang='lat' dir='ltr'><strong>regnavit</strong></span> <span class='ocrx_word' id='word_1_160' title='bbox 1080 1798 1156 1866; x_wconf 85' lang='lat' dir='ltr'><strong>Mox</strong></span> <span class='ocrx_word' id='word_1_161' title='bbox 1178 1824 1291 1889; x_wconf 88' lang='lat' dir='ltr'><strong>quum,</strong></span> <span class='ocrx_word' id='word_1_162' title='bbox 1328 1843 1331 1874; x_wconf 63' lang='lat'>1</span> 
     </span>
     <span class='ocr_line' id='line_1_20' title="bbox 143 1875 1331 1998; baseline 0.003 -46"><span class='ocrx_word' id='word_1_163' title='bbox 143 1884 231 1976; x_wconf 88' lang='lat' dir='ltr'><strong>apud</strong></span> <span class='ocrx_word' id='word_1_164' title='bbox 250 1884 424 1951; x_wconf 90' lang='lat' dir='ltr'><strong>Numicum</strong></span> <span class='ocrx_word' id='word_1_165' title='bbox 450 1881 580 1950; x_wconf 79' lang='lat' dir='ltr'><strong>fluvium</strong></span> <span class='ocrx_word' id='word_1_166' title='bbox 594 1878 836 1985; x_wconf 72' lang='lat' dir='ltr'><strong>deambulans,</strong></span> <span class='ocrx_word' id='word_1_167' title='bbox 864 1906 1024 1975; x_wconf 88' lang='lat' dir='ltr'><strong>nusquam</strong></span> <span class='ocrx_word' id='word_1_168' title='bbox 1044 1887 1290 1977; x_wconf 80' lang='lat' dir='ltr'><strong>comparuisset,</strong></span> <span class='ocrx_word' id='word_1_169' title='bbox 1328 1875 1331 1998; x_wconf 58' lang='lat' dir='ltr'><strong>l</strong></span> 
     </span>
     <span class='ocr_line' id='line_1_21' title="bbox 98 1966 1331 2041; baseline -0.006 -3"><span class='ocrx_word' id='word_1_170' title='bbox 98 1970 176 2041; x_wconf 73' lang='lat' dir='ltr'><strong>auin</strong></span> <span class='ocrx_word' id='word_1_171' title='bbox 198 1970 323 2040; x_wconf 84' lang='lat' dir='ltr'><strong>caelum</strong></span> <span class='ocrx_word' id='word_1_172' title='bbox 343 1967 516 2039; x_wconf 87' lang='lat' dir='ltr'><strong>translatos</strong></span> <span class='ocrx_word' id='word_1_173' title='bbox 541 1966 668 2037; x_wconf 86' lang='lat' dir='ltr'><strong>dicrtur.</strong></span> <span class='ocrx_word' id='word_1_174' title='bbox 1329 2005 1331 2030; x_wconf 58' lang='lat'><em>2</em></span> 
     </span>
    </p>
   </div>
   <div class='ocr_carea' id='block_1_3' title="bbox 49 2118 1331 3244">
    <p class='ocr_par' dir='ltr' id='par_1_3' title="bbox 49 2118 1331 3244">
     <span class='ocr_line' id='line_1_22' title="bbox 230 2118 1331 2215; baseline 0.005 -21"><span class='ocrx_word' id='word_1_175' title='bbox 230 2127 312 2195; x_wconf 89' lang='lat' dir='ltr'><strong>Item</strong></span> <span class='ocrx_word' id='word_1_176' title='bbox 333 2125 433 2194; x_wconf 86' lang='lat' dir='ltr'><strong>aliter.</strong></span> <span class='ocrx_word' id='word_1_177' title='bbox 453 2160 497 2173; x_wconf 87' lang='lat'><em>-</em></span> <span class='ocrx_word' id='word_1_178' title='bbox 537 2118 798 2204; x_wconf 66' lang='lat' dir='ltr'><strong>lucanenses,</strong></span> <span class='ocrx_word' id='word_1_179' title='bbox 826 2130 863 2192; x_wconf 87' lang='lat' dir='ltr'><strong>ut</strong></span> <span class='ocrx_word' id='word_1_180' title='bbox 884 2123 970 2192; x_wconf 80' lang='lat' dir='ltr'><strong>Cato</strong></span> <span class='ocrx_word' id='word_1_181' title='bbox 993 2121 1088 2208; x_wconf 90' lang='lat' dir='ltr'><strong>dicit,</strong></span> <span class='ocrx_word' id='word_1_182' title='bbox 1115 2134 1292 2215; x_wconf 78' lang='lat' dir='ltr'><strong>postquam</strong></span> <span class='ocrx_word' id='word_1_183' title='bbox 1308 2143 1331 2213; x_wconf 57' lang='grc' dir='ltr'>ᾖ</span> 
     </span>
     <span class='ocr_line' id='line_1_23' title="bbox 49 2206 1292 2299; baseline -0.002 -15"><span class='ocrx_word' id='word_1_184' title='bbox 49 2216 52 2223; x_wconf 90' lang='grc'><strong>’</strong></span> <span class='ocrx_word' id='word_1_185' title='bbox 142 2213 332 2292; x_wconf 72' lang='lat' dir='ltr'><strong>Lauiniam,</strong></span> <span class='ocrx_word' id='word_1_186' title='bbox 362 2210 470 2280; x_wconf 87' lang='lat' dir='ltr'><strong>Latini</strong></span> <span class='ocrx_word' id='word_1_187' title='bbox 490 2231 507 2276; x_wconf 94' lang='lat' dir='ltr'><strong>r</strong></span> <span class='ocrx_word' id='word_1_188' title='bbox 552 2209 579 2277; x_wconf 87' lang='lat' dir='ltr'><strong>‘s</strong></span> <span class='ocrx_word' id='word_1_189' title='bbox 599 2206 717 2288; x_wconf 85' lang='lat' dir='ltr'><strong>filiam,</strong></span> <span class='ocrx_word' id='word_1_190' title='bbox 748 2210 876 2299; x_wconf 84' lang='lat' dir='ltr'><strong>occepit</strong></span> <span class='ocrx_word' id='word_1_191' title='bbox 894 2230 1046 2294; x_wconf 86' lang='lat' dir='ltr'><strong>uxorem,</strong></span> <span class='ocrx_word' id='word_1_192' title='bbox 1074 2209 1200 2280; x_wconf 81' lang='lat' dir='ltr'><strong>vivente</strong></span> <span class='ocrx_word' id='word_1_193' title='bbox 1221 2228 1292 2281; x_wconf 87' lang='lat' dir='ltr'><strong>ma-</strong></span> 
     </span>
     <span class='ocr_line' id='line_1_24' title="bbox 142 2294 1290 2379; baseline 0 -10"><span class='ocrx_word' id='word_1_194' title='bbox 142 2301 205 2369; x_wconf 86' lang='lat' dir='ltr'><strong>rito</strong></span> <span class='ocrx_word' id='word_1_195' title='bbox 234 2298 368 2379; x_wconf 74' lang='lat' dir='ltr'><strong>&#39;luro03</strong></span> <span class='ocrx_word' id='word_1_196' title='bbox 399 2296 486 2364; x_wconf 92' lang='lat' dir='ltr'><strong>idem</strong></span> <span class='ocrx_word' id='word_1_197' title='bbox 548 2314 646 2362; x_wconf 88' lang='lat' dir='ltr'><strong>umus</strong></span> <span class='ocrx_word' id='word_1_198' title='bbox 662 2294 774 2362; x_wconf 78' lang='lat' dir='ltr'><strong>‚iratus</strong></span> <span class='ocrx_word' id='word_1_199' title='bbox 800 2306 867 2364; x_wconf 87' lang='lat' dir='ltr'><strong>tam</strong></span> <span class='ocrx_word' id='word_1_200' title='bbox 886 2296 919 2362; x_wconf 91' lang='lat' dir='ltr'><strong>iu</strong></span> <span class='ocrx_word' id='word_1_201' title='bbox 938 2297 1109 2378; x_wconf 86' lang='lat' dir='ltr'><strong>Latinum,</strong></span> <span class='ocrx_word' id='word_1_202' title='bbox 1163 2319 1237 2366; x_wconf 92' lang='lat' dir='ltr'><strong>uam</strong></span> <span class='ocrx_word' id='word_1_203' title='bbox 1253 2300 1290 2369; x_wconf 85' lang='lat' dir='ltr'><strong>iu</strong></span> 
     </span>
     <span class='ocr_line' id='line_1_25' title="bbox 142 2320 1331 2488; baseline 0.001 -34"><span class='ocrx_word' id='word_1_204' title='bbox 142 2387 301 2467; x_wconf 77' lang='lat' dir='ltr'><strong>Aeneam,</strong></span> <span class='ocrx_word' id='word_1_205' title='bbox 328 2382 410 2487; x_wconf 81' lang='lat' dir='ltr'><strong>balla</strong></span> <span class='ocrx_word' id='word_1_206' title='bbox 437 2380 649 2485; x_wconf 56' lang='lat' dir='ltr'><strong>suscepit,”a</strong></span> <span class='ocrx_word' id='word_1_207' title='bbox 676 2380 1043 2488; x_wconf 34' lang='lat' dir='ltr'><strong>Mareotionimpetratis</strong></span> <span class='ocrx_word' id='word_1_208' title='bbox 1075 2320 1207 2487; x_wconf 71' lang='lat' dir='ltr'><strong>auxiliis.</strong></span> <span class='ocrx_word' id='word_1_209' title='bbox 1249 2386 1291 2455; x_wconf 89' lang='lat' dir='ltr'><strong>Iu</strong></span> <span class='ocrx_word' id='word_1_210' title='bbox 1327 2433 1331 2458; x_wconf 79' lang='grc'>.</span> 
     </span>
     <span class='ocr_line' id='line_1_26' title="bbox 96 2466 1331 2635; baseline 0.002 -13"><span class='ocrx_word' id='word_1_211' title='bbox 96 2492 406 2626; x_wconf 50' lang='lat' dir='ltr'><strong>stultiut?</strong></span> <span class='ocrx_word' id='word_1_212' title='bbox 418 2466 817 2621; x_wconf 62' lang='lat' dir='ltr'><strong>lilttttbltlut</strong></span> <span class='ocrx_word' id='word_1_213' title='bbox 830 2468 1291 2635; x_wconf 60' lang='lat' dir='ltr'><strong>tnttl&#39;tu’tt&#39;tblt:</strong></span> <span class='ocrx_word' id='word_1_214' title='bbox 1324 2595 1331 2632; x_wconf 51' lang='lat'>1</span> 
     </span>
     <span class='ocr_line' id='line_1_27' title="bbox 140 2635 1331 2743; baseline 0.003 -33"><span class='ocrx_word' id='word_1_215' title='bbox 140 2645 229 2712; x_wconf 90' lang='lat' dir='ltr'><strong>nium</strong></span> <span class='ocrx_word' id='word_1_216' title='bbox 249 2643 359 2711; x_wconf 83' lang='lat' dir='ltr'><strong>tenuit</strong></span> <span class='ocrx_word' id='word_1_217' title='bbox 403 2639 506 2743; x_wconf 80' lang='lat' dir='ltr'><strong>Cujus</strong></span> <span class='ocrx_word' id='word_1_218' title='bbox 526 2638 662 2706; x_wconf 84' lang='lat' dir='ltr'><strong>Lavinia</strong></span> <span class='ocrx_word' id='word_1_219' title='bbox 679 2639 795 2706; x_wconf 89' lang='lat' dir='ltr'><strong>timeus</strong></span> <span class='ocrx_word' id='word_1_220' title='bbox 815 2638 957 2719; x_wconf 86' lang='lat' dir='ltr'><strong>insidias,</strong></span> <span class='ocrx_word' id='word_1_221' title='bbox 1024 2636 1117 2707; x_wconf 84' lang='lat' dir='ltr'><strong>avida</strong></span> <span class='ocrx_word' id='word_1_222' title='bbox 1139 2642 1291 2732; x_wconf 77' lang='lat' dir='ltr'><strong>confugit</strong></span> <span class='ocrx_word' id='word_1_223' title='bbox 1321 2635 1331 2702; x_wconf 68' lang='lat' dir='ltr'><strong>l</strong></span> 
     </span>
     <span class='ocr_line' id='line_1_28' title="bbox 138 2705 1331 2816; baseline 0.001 -21"><span class='ocrx_word' id='word_1_224' title='bbox 138 2730 173 2795; x_wconf 89' lang='lat' dir='ltr'><strong>in</strong></span> <span class='ocrx_word' id='word_1_225' title='bbox 193 2729 303 2810; x_wconf 86' lang='lat' dir='ltr'><strong>silvas,</strong></span> <span class='ocrx_word' id='word_1_226' title='bbox 333 2739 367 2796; x_wconf 90' lang='lat' dir='ltr'><strong>et</strong></span> <span class='ocrx_word' id='word_1_227' title='bbox 387 2726 478 2795; x_wconf 77' lang='lat' dir='ltr'><strong>latuit</strong></span> <span class='ocrx_word' id='word_1_228' title='bbox 497 2725 530 2792; x_wconf 91' lang='lat' dir='ltr'><strong>in</strong></span> <span class='ocrx_word' id='word_1_229' title='bbox 554 2748 631 2793; x_wconf 88' lang='lat' dir='ltr'><strong>casa</strong></span> <span class='ocrx_word' id='word_1_230' title='bbox 651 2725 788 2814; x_wconf 81' lang='lat' dir='ltr'><strong>postoris</strong></span> <span class='ocrx_word' id='word_1_231' title='bbox 805 2724 897 2814; x_wconf 76' lang='lat' dir='ltr'><strong>Tyri.</strong></span> <span class='ocrx_word' id='word_1_232' title='bbox 938 2728 964 2793; x_wconf 84' lang='lat' dir='ltr'><strong>A</strong></span> <span class='ocrx_word' id='word_1_233' title='bbox 1009 2748 1106 2815; x_wconf 89' lang='lat' dir='ltr'><strong>quam</strong></span> <span class='ocrx_word' id='word_1_234' title='bbox 1128 2725 1287 2811; x_wconf 84' lang='lat' dir='ltr'><strong>alludens,</strong></span> <span class='ocrx_word' id='word_1_235' title='bbox 1302 2705 1331 2816; x_wconf 59' lang='grc' dir='ltr'><strong>’,ι’</strong></span> 
     </span>
     <span class='ocr_line' id='line_1_29' title="bbox 139 2809 1331 2906; baseline 0.002 -24"><span class='ocrx_word' id='word_1_236' title='bbox 139 2816 250 2906; x_wconf 82' lang='lat' dir='ltr'><strong>&#39;I&#39;yrus</strong></span> <span class='ocrx_word' id='word_1_237' title='bbox 270 2823 363 2903; x_wconf 90' lang='lat' dir='ltr'><strong>pater</strong></span> <span class='ocrx_word' id='word_1_238' title='bbox 383 2812 507 2901; x_wconf 87' lang='lat' dir='ltr'><strong>recepit</strong></span> <span class='ocrx_word' id='word_1_239' title='bbox 527 2832 617 2890; x_wconf 86' lang='lat' dir='ltr'><strong>eom,</strong></span> <span class='ocrx_word' id='word_1_240' title='bbox 642 2821 676 2877; x_wconf 90' lang='lat' dir='ltr'><strong>et</strong></span> <span class='ocrx_word' id='word_1_241' title='bbox 698 2809 795 2877; x_wconf 81' lang='lat' dir='ltr'><strong>fovit:</strong></span> <span class='ocrx_word' id='word_1_242' title='bbox 825 2823 859 2877; x_wconf 89' lang='lat' dir='ltr'><strong>et</strong></span> <span class='ocrx_word' id='word_1_243' title='bbox 878 2810 939 2877; x_wconf 86' lang='lat' dir='ltr'><strong>illic</strong></span> <span class='ocrx_word' id='word_1_244' title='bbox 958 2812 1051 2879; x_wconf 81' lang='lat' dir='ltr'><strong>enixa</strong></span> <span class='ocrx_word' id='word_1_245' title='bbox 1071 2823 1122 2880; x_wconf 87' lang='lat' dir='ltr'><strong>est</strong></span> <span class='ocrx_word' id='word_1_246' title='bbox 1141 2813 1290 2884; x_wconf 76' lang='lat' dir='ltr'><strong>Silvium·</strong></span> <span class='ocrx_word' id='word_1_247' title='bbox 1319 2813 1331 2890; x_wconf 91' lang='grc' dir='ltr'><strong>,Ι</strong></span> 
     </span>
     <span class='ocr_line' id='line_1_30' title="bbox 96 2893 1331 2989; baseline -0.002 -20"><span class='ocrx_word' id='word_1_248' title='bbox 96 2898 211 2978; x_wconf 72' lang='lat' dir='ltr'><strong>aoSed</strong></span> <span class='ocrx_word' id='word_1_249' title='bbox 243 2923 342 2989; x_wconf 90' lang='lat' dir='ltr'><strong>quum</strong></span> <span class='ocrx_word' id='word_1_250' title='bbox 377 2898 531 2966; x_wconf 84' lang='lat' dir='ltr'><strong>Ascanius</strong></span> <span class='ocrx_word' id='word_1_251' title='bbox 567 2898 725 2983; x_wconf 80' lang='lat' dir='ltr'><strong>flagraret</strong></span> <span class='ocrx_word' id='word_1_252' title='bbox 755 2894 892 2978; x_wconf 84' lang='lat' dir='ltr'><strong>invidia,</strong></span> <span class='ocrx_word' id='word_1_253' title='bbox 926 2897 1071 2965; x_wconf 83' lang='lat' dir='ltr'><strong>evocarit</strong></span> <span class='ocrx_word' id='word_1_254' title='bbox 1101 2919 1288 2982; x_wconf 81' lang='lat' dir='ltr'><strong>novercam,</strong></span> <span class='ocrx_word' id='word_1_255' title='bbox 1328 2893 1331 2938; x_wconf 66' lang='lat' dir='ltr'><strong>l</strong></span> 
     </span>
     <span class='ocr_line' id='line_1_31' title="bbox 140 2979 1331 3068; baseline 0.001 -14"><span class='ocrx_word' id='word_1_256' title='bbox 140 2998 175 3055; x_wconf 91' lang='lat' dir='ltr'><strong>et</strong></span> <span class='ocrx_word' id='word_1_257' title='bbox 204 2985 234 3056; x_wconf 89' lang='lat' dir='ltr'><strong>ei</strong></span> <span class='ocrx_word' id='word_1_258' title='bbox 262 2985 422 3054; x_wconf 87' lang='lat' dir='ltr'><strong>concessit</strong></span> <span class='ocrx_word' id='word_1_259' title='bbox 448 2980 726 3064; x_wconf 77' lang='lat' dir='ltr'><strong>huumlarioium3</strong></span> <span class='ocrx_word' id='word_1_260' title='bbox 763 2979 822 3048; x_wconf 84' lang='lat' dir='ltr'><strong>sibi</strong></span> <span class='ocrx_word' id='word_1_261' title='bbox 855 3002 932 3049; x_wconf 81' lang='lat' dir='ltr'><strong>vero</strong></span> <span class='ocrx_word' id='word_1_262' title='bbox 968 2983 1081 3051; x_wconf 84' lang='lat' dir='ltr'><strong>Albam</strong></span> <span class='ocrx_word' id='word_1_263' title='bbox 1112 2986 1289 3055; x_wconf 85' lang='lat' dir='ltr'><strong>coustituit.</strong></span> <span class='ocrx_word' id='word_1_264' title='bbox 1327 3056 1331 3068; x_wconf 79' lang='grc'>,</span> 
     </span>
     <span class='ocr_line' id='line_1_32' title="bbox 138 3066 1326 3161; baseline 0.003 -22"><span class='ocrx_word' id='word_1_265' title='bbox 138 3072 205 3148; x_wconf 83' lang='lat' dir='ltr'><strong>Qui</strong></span> <span class='ocrx_word' id='word_1_266' title='bbox 225 3073 375 3161; x_wconf 90' lang='lat' dir='ltr'><strong>quoniam</strong></span> <span class='ocrx_word' id='word_1_267' title='bbox 396 3071 465 3137; x_wconf 85' lang='lat' dir='ltr'><strong>sine</strong></span> <span class='ocrx_word' id='word_1_268' title='bbox 484 3067 592 3135; x_wconf 85' lang='lat' dir='ltr'><strong>liberis</strong></span> <span class='ocrx_word' id='word_1_269' title='bbox 612 3066 724 3155; x_wconf 83' lang='lat' dir='ltr'><strong>periit,</strong></span> <span class='ocrx_word' id='word_1_270' title='bbox 754 3066 868 3147; x_wconf 81' lang='lat' dir='ltr'><strong>Silvia,</strong></span> <span class='ocrx_word' id='word_1_271' title='bbox 896 3069 952 3159; x_wconf 89' lang='lat' dir='ltr'><strong>qui</strong></span> <span class='ocrx_word' id='word_1_272' title='bbox 981 3081 1015 3140; x_wconf 85' lang='lat' dir='ltr'><strong>et</strong></span> <span class='ocrx_word' id='word_1_273' title='bbox 1038 3071 1109 3160; x_wconf 85' lang='lat' dir='ltr'><strong>ipse</strong></span> <span class='ocrx_word' id='word_1_274' title='bbox 1128 3072 1288 3143; x_wconf 82' lang='lat' dir='ltr'><strong>Ascanim</strong></span> <span class='ocrx_word' id='word_1_275' title='bbox 1321 3105 1326 3114; x_wconf 96' lang='lat'><em>·</em></span> 
     </span>
     <span class='ocr_line' id='line_1_33' title="bbox 131 3152 804 3244; baseline -0.009 -17"><span class='ocrx_word' id='word_1_276' title='bbox 131 3158 244 3228; x_wconf 83' lang='lat' dir='ltr'><strong>dictos</strong></span> <span class='ocrx_word' id='word_1_277' title='bbox 266 3170 335 3243; x_wconf 85' lang='lat' dir='ltr'><strong>est,</strong></span> <span class='ocrx_word' id='word_1_278' title='bbox 368 3178 463 3226; x_wconf 86' lang='lat' dir='ltr'><strong>suum</strong></span> <span class='ocrx_word' id='word_1_279' title='bbox 483 3152 609 3244; x_wconf 87' lang='lat' dir='ltr'><strong>reliquit</strong></span> <span class='ocrx_word' id='word_1_280' title='bbox 628 3152 804 3242; x_wconf 88' lang='lat' dir='ltr'><strong>imperium.</strong></span> 
     </span>
    </p>
   </div>
   <div class='ocr_carea' id='block_1_4' title="bbox 520 3377 1331 3566">
    <p class='ocr_par' dir='ltr' id='par_1_4' title="bbox 520 3377 1331 3566">
     <span class='ocr_line' id='line_1_34' title="bbox 520 3377 1331 3566; baseline 0.007 -63"><span class='ocrx_word' id='word_1_281' title='bbox 520 3426 621 3506; x_wconf 76' lang='lat'><strong>203.</strong></span> <span class='ocrx_word' id='word_1_282' title='bbox 675 3432 893 3509; x_wconf 85' lang='lat' dir='ltr'><strong>Rhesus.</strong></span> <span class='ocrx_word' id='word_1_283' title='bbox 1160 3438 1163 3443; x_wconf 86' lang='grc'>’</span> <span class='ocrx_word' id='word_1_284' title='bbox 1303 3377 1331 3566; x_wconf 60' lang='lat' dir='ltr'><strong>l</strong></span> 
     </span>
    </p>
   </div>
   <div class='ocr_carea' id='block_1_5' title="bbox 96 3567 1331 4023">
    <p class='ocr_par' dir='ltr' id='par_1_5' title="bbox 96 3567 1331 4023">
     <span class='ocr_line' id='line_1_35' title="bbox 96 3567 1331 3681; baseline 0.007 -27"><span class='ocrx_word' id='word_1_285' title='bbox 96 3604 134 3655; x_wconf 80' lang='lat' dir='ltr'><strong>so</strong></span> <span class='ocrx_word' id='word_1_286' title='bbox 226 3587 357 3656; x_wconf 86' lang='lat' dir='ltr'><strong>Rhesus</strong></span> <span class='ocrx_word' id='word_1_287' title='bbox 383 3606 441 3651; x_wconf 86' lang='lat' dir='ltr'><strong>rex</strong></span> <span class='ocrx_word' id='word_1_288' title='bbox 468 3582 631 3653; x_wconf 78' lang='lat' dir='ltr'><strong>&#39;l&#39;lrraciae</strong></span> <span class='ocrx_word' id='word_1_289' title='bbox 658 3586 725 3655; x_wconf 81' lang='lat' dir='ltr'><strong>suit</strong></span> <span class='ocrx_word' id='word_1_290' title='bbox 767 3587 832 3663; x_wconf 85' lang='lat' dir='ltr'><strong>Qui</strong></span> <span class='ocrx_word' id='word_1_291' title='bbox 875 3610 951 3655; x_wconf 91' lang='lat' dir='ltr'><strong>uum</strong></span> <span class='ocrx_word' id='word_1_292' title='bbox 972 3590 1014 3657; x_wconf 90' lang='lat' dir='ltr'><strong>ad</strong></span> <span class='ocrx_word' id='word_1_293' title='bbox 1037 3589 1160 3681; x_wconf 77' lang='lat' dir='ltr'><strong>Troiae</strong></span> <span class='ocrx_word' id='word_1_294' title='bbox 1179 3593 1288 3663; x_wconf 81' lang='lat' dir='ltr'><strong>renis-</strong></span> <span class='ocrx_word' id='word_1_295' title='bbox 1319 3567 1331 3663; x_wconf 83' lang='grc' dir='ltr'><strong>Ιἐ</strong></span> 
     </span>
     <span class='ocr_line' id='line_1_36' title="bbox 138 3668 1331 3761; baseline 0.002 -17"><span class='ocrx_word' id='word_1_296' title='bbox 138 3687 189 3746; x_wconf 83' lang='lat' dir='ltr'><strong>set</strong></span> <span class='ocrx_word' id='word_1_297' title='bbox 217 3674 348 3754; x_wconf 79' lang='lat' dir='ltr'><strong>auxilia,</strong></span> <span class='ocrx_word' id='word_1_298' title='bbox 377 3669 557 3759; x_wconf 86' lang='lat' dir='ltr'><strong>clausisque</strong></span> <span class='ocrx_word' id='word_1_299' title='bbox 578 3668 680 3760; x_wconf 87' lang='lat' dir='ltr'><strong>portis</strong></span> <span class='ocrx_word' id='word_1_300' title='bbox 702 3673 838 3741; x_wconf 88' lang='lat' dir='ltr'><strong>tentoria</strong></span> <span class='ocrx_word' id='word_1_301' title='bbox 895 3688 1001 3746; x_wconf 85' lang='lat' dir='ltr'><strong>casset</strong></span> <span class='ocrx_word' id='word_1_302' title='bbox 1019 3677 1051 3744; x_wconf 93' lang='lat' dir='ltr'><strong>in</strong></span> <span class='ocrx_word' id='word_1_303' title='bbox 1072 3677 1182 3761; x_wconf 87' lang='lat' dir='ltr'><strong>litore,</strong></span> <span class='ocrx_word' id='word_1_304' title='bbox 1210 3678 1301 3754; x_wconf 85' lang='lat' dir='ltr'><strong>Do-.</strong></span> <span class='ocrx_word' id='word_1_305' title='bbox 1327 3691 1331 3746; x_wconf 77' lang='lat' dir='ltr'><strong>t</strong></span> 
     </span>
     <span class='ocr_line' id='line_1_37' title="bbox 137 3756 1331 3851; baseline 0.006 -22"><span class='ocrx_word' id='word_1_306' title='bbox 137 3762 212 3829; x_wconf 90' lang='lat' dir='ltr'><strong>lone</strong></span> <span class='ocrx_word' id='word_1_307' title='bbox 241 3759 416 3851; x_wconf 85' lang='lat' dir='ltr'><strong>prodente,</strong></span> <span class='ocrx_word' id='word_1_308' title='bbox 445 3757 500 3844; x_wconf 89' lang='lat' dir='ltr'><strong>qui</strong></span> <span class='ocrx_word' id='word_1_309' title='bbox 520 3756 635 3826; x_wconf 84' lang='lat' dir='ltr'><strong>missus</strong></span> <span class='ocrx_word' id='word_1_310' title='bbox 657 3758 763 3828; x_wconf 83' lang='lat' dir='ltr'><strong>luerat</strong></span> <span class='ocrx_word' id='word_1_311' title='bbox 784 3759 982 3849; x_wconf 89' lang='lat' dir='ltr'><strong>speculator,</strong></span> <span class='ocrx_word' id='word_1_312' title='bbox 1013 3786 1034 3830; x_wconf 90' lang='lat' dir='ltr'><strong>a</strong></span> <span class='ocrx_word' id='word_1_313' title='bbox 1060 3762 1225 3833; x_wconf 85' lang='lat' dir='ltr'><strong>Diomede</strong></span> <span class='ocrx_word' id='word_1_314' title='bbox 1250 3778 1288 3837; x_wconf 85' lang='lat' dir='ltr'><strong>et</strong></span> <span class='ocrx_word' id='word_1_315' title='bbox 1329 3801 1331 3818; x_wconf 90' lang='lat'><em>·</em></span> 
     </span>
     <span class='ocr_line' id='line_1_38' title="bbox 135 3829 1331 3997; baseline 0.005 -82"><span class='ocrx_word' id='word_1_316' title='bbox 135 3848 231 3916; x_wconf 84' lang='lat' dir='ltr'><strong>Ulixe</strong></span> <span class='ocrx_word' id='word_1_317' title='bbox 258 3857 310 3914; x_wconf 91' lang='lat' dir='ltr'><strong>est</strong></span> <span class='ocrx_word' id='word_1_318' title='bbox 337 3841 541 3923; x_wconf 81' lang='lat' dir='ltr'><strong>interiectus,</strong></span> <span class='ocrx_word' id='word_1_319' title='bbox 570 3844 624 3934; x_wconf 88' lang='lat' dir='ltr'><strong>qui</strong></span> <span class='ocrx_word' id='word_1_320' title='bbox 652 3859 685 3913; x_wconf 94' lang='lat' dir='ltr'><strong>et</strong></span> <span class='ocrx_word' id='word_1_321' title='bbox 708 3844 767 3933; x_wconf 88' lang='lat' dir='ltr'><strong>ipsi</strong></span> <span class='ocrx_word' id='word_1_322' title='bbox 791 3848 990 3997; x_wconf 77' lang='lat' dir='ltr'><strong>speculatum</strong></span> <span class='ocrx_word' id='word_1_323' title='bbox 1012 3862 1172 3923; x_wconf 84' lang='lat' dir='ltr'><strong>venerunt</strong></span> <span class='ocrx_word' id='word_1_324' title='bbox 1204 3854 1284 3939; x_wconf 45' lang='lat' dir='ltr'><strong>,Ab-</strong></span> <span class='ocrx_word' id='word_1_325' title='bbox 1318 3829 1331 3924; x_wconf 62' lang='grc' dir='ltr'><strong>,Ι</strong></span> 
     </span>
     <span class='ocr_line' id='line_1_39' title="bbox 135 3928 1049 4023; baseline 0.004 -22"><span class='ocrx_word' id='word_1_326' title='bbox 135 3932 224 4004; x_wconf 85' lang='lat' dir='ltr'><strong>ducti</strong></span> <span class='ocrx_word' id='word_1_327' title='bbox 248 3942 322 4001; x_wconf 85' lang='lat' dir='ltr'><strong>suut</strong></span> <span class='ocrx_word' id='word_1_328' title='bbox 343 3928 435 4021; x_wconf 87' lang='lat' dir='ltr'><strong>equi,</strong></span> <span class='ocrx_word' id='word_1_329' title='bbox 465 3929 581 4017; x_wconf 83' lang='lat' dir='ltr'><strong>quibus</strong></span> <span class='ocrx_word' id='word_1_330' title='bbox 603 3929 787 4021; x_wconf 86' lang='lat' dir='ltr'><strong>pendebant</strong></span> <span class='ocrx_word' id='word_1_331' title='bbox 821 3945 874 4001; x_wconf 87' lang='lat' dir='ltr'><strong>ata</strong></span> <span class='ocrx_word' id='word_1_332' title='bbox 896 3932 1049 4023; x_wconf 72' lang='lat' dir='ltr'><strong>Trojano.</strong></span> 
     </span>
    </p>
   </div>
   <div class='ocr_carea' id='block_1_6' title="bbox 0 0 1346 4606">
    <p class='ocr_par' dir='ltr' id='par_1_6' title="bbox 0 0 1346 4606">
     <span class='ocr_line' id='line_1_40' title="bbox 0 0 1346 4606; baseline 0 2"><span class='ocrx_word' id='word_1_333' title='bbox 0 0 1346 4606; x_wconf 95' lang='lat' dir='ltr'><strong> </strong></span> 
     </span>
    </p>
   </div>
  </div>
 </body>
</html>
