2684 4606
160 193 244 295 aaa
478 195 664 299 myaogr.
692 194 766 271 111.
821 190 887 269 10.
941 191 982 267 a.
1311 150 1314 177 ²

155 376 245 468 jecit.
299 374 422 451 Quibus
440 374 575 467 repertis
597 367 742 482 Marpya's
762 396 897 456 canens,
926 373 1102 477 Apollinem
1132 372 1178 442 ad
1199 383 1295 442 certo

159 484 235 529 mea
265 461 457 565 prosoparit.
512 462 632 565 Midam
664 464 764 565 igitur
794 483 907 547 regem
935 461 1088 564 ‘judicem
1108 461 1308 563 elegerant·

161 570 255 636 quem
273 547 401 636 Apollo,
433 546 522 635 quod
542 550 659 637 injuste
679 548 869 636 pudicasset‚
900 569 1025 612 asrnrnrs
1048 550 1184 613 auribus
1205 546 1295 614 dedo

162 633 292 700 curavit.
342 633 374 700 Is
396 634 532 701 criminis
553 635 602 700 sui
625 646 734 703 notam
763 631 885 699 tonsori
918 642 1040 698 tanturn
1068 633 1232 714 ostendit,
1262 630 1314 711 ιζ’

138 731 199 786 out
219 731 358 795 taceret,
379 732 500 806 partem
523 720 674 808 pollicens
694 720 796 805 regni.
837 717 894 783 Ille
915 717 1019 784 celare
1042 719 1219 806 nequiens,
1243 739 1295 782 aea

161 804 266 893 palam
286 804 432 891 proferre
453 828 568 884 ausus,
600 817 720 872 terram
740 802 837 881 fodit,
867 815 900 869 et
918 803 950 867 in
971 802 1102 869 defosso
1134 827 1205 871 rem
1228 803 1316 869 dixit·

39 946 46 961 .
161 890 354 978 et'operuit.
405 890 443 955 In
476 890 591 956 eodem
618 891 691 957 loco
727 888 866 956 calamus
896 899 989 955 natus
1021 901 1088 973 est,
1126 890 1215 955 unde
1245 887 1296 955 sibi

33 1002 37 1015 ·
88 1043 91 1055 ,
160 986 270 1063 pastor
299 973 428 1061 quidam
455 976 592 1045 fistulam
631 976 723 1055 fecit,
767 996 850 1063 quae
876 986 1045 1060 percussa:
1081 996 1163 1050 rex,
1194 972 1296 1061 inquit,

167 1059 288 1126 Midas
310 1061 471 1124 asininas
500 1083 604 1126 arares
625 1059 749 1142 babet.¹
792 1059 848 1124 Sic
878 1082 959 1148 ergo
981 1058 1133 1147 Orpheus
1153 1061 1188 1124 in
1214 1060 1297 1129 theo·

124 1144 266 1231 sagonia
293 1144 411 1211 scribit.
464 1148 490 1212 A
523 1146 650 1213 musicis
675 1145 757 1211 haec
788 1156 915 1231 reperta
941 1155 991 1211 est
1018 1144 1135 1210 fabula
1192 1143 1297 1212 Musici

162 1228 346 1303 enimfduos
365 1231 441 1298 artis
464 1254 541 1297 suae
564 1242 739 1319 posuerunt
751 1229 901 1311 ordines3
926 1231 1053 1296 tertium
1069 1228 1190 1296 deinde
1206 1231 1296 1296 mino·

161 1316 205 1382 ris
234 1315 389 1383 valentiae
418 1317 621 1406 adjecerunt:
651 1315 863 1394 canticorum,
897 1315 1150 1384 citharizantium
1179 1326 1213 1383 et
1231 1315 1297 1383 tibi·

120 1453 142 1483 Ι
162 1402 314 1469 bantium.
372 1402 480 1468 Prima
506 1423 588 1489 ergo
622 1413 672 1468 est
692 1425 752 1468 vox
773 1400 859 1478 viva,
894 1424 978 1489 quae
1005 1402 1035 1467 in
1064 1403 1215 1468 omnibus
1244 1400 1295 1468 sibi

162 1488 291 1554 musicis
307 1489 549 1555 necessitatibus
566 1486 731 1554 celerrime
744 1486 897 1553 subvenit.
940 1485 1091 1552 Secunda
1106 1499 1157 1554 est
1172 1487 1295 1563 cithara,

121 1594 249 1660 requae
286 1595 384 1660 quum
418 1574 449 1639 in
487 1574 592 1640 multis
626 1574 725 1643 rivam
760 1593 869 1637 vocem
906 1572 1116 1660 aequiparare
1149 1571 1296 1649 videatur,

164 1654 268 1746 aliquia
294 1674 400 1725 tamen
428 1681 492 1725 uon
520 1659 648 1746 implet,
684 1680 767 1746 quae
796 1657 865 1722 vira
891 1679 952 1722 vox
982 1668 1098 1744 potest.
1153 1664 1196 1724 nt
1229 1678 1295 1722 vera

163 1745 240 1810 tibia
262 1743 310 1808 vix
333 1745 409 1810 artis
442 1744 584 1810 musicae
613 1755 736 1832 partem
765 1740 940 1810 extremam
966 1742 1086 1808 suflicit
1118 1741 1302 1835 adinplere,

45 1900 48 1908 ,
160 1828 214 1896 Dc
234 1828 373 1916 quinque
395 1831 477 1895 enim
500 1854 514 1895 s
538 1829 701 1916 mpboniis‚
721 1850 800 1916 quas
819 1827 887 1894 vira
907 1850 968 1897 vox
982 1827 1030 1893 vel
1047 1827 1176 1894 cithara
1190 1826 1294 1905 reddit,

161 1915 239 1982 tibia
262 1914 309 1979 rix
332 1936 427 1979 unam
450 1926 483 1981 et
503 1853 664 1980 dmidium
686 1914 820 2002 perlicit.
873 1913 1164 2002 Minervamque,
1197 1912 1295 1980 idest

122 1999 268 2086 toaliqua
297 2021 434 2088 persona
457 1999 600 2086 sapiens,
628 2000 776 2067 tibiarum
806 1997 944 2065 nondam
967 2010 1106 2087 expertav
1130 1999 1317 2077 delectum·

163 2107 218 2150 eas
241 2085 570 2171 quidem1adinvenit3
600 2107 680 2171 quas
713 2098 819 2152 tamen
842 2085 989 2170 cognitas
1012 2086 1113 2150 omnis
1133 2083 1294 2152 doctusia

162 2169 290 2236 musicis
312 2182 445 2260 propter
468 2193 619 2236 sonorum
641 2171 763 2258 respuit
787 2180 1017 2257 paupertatem.
1069 2170 1207 2238 Inllatas
1228 2190 1295 2235 sero

60 2254 63 2259 ’
162 2257 282 2321 buccas
319 2257 361 2321 dii
396 2256 502 2322 risisse
530 2255 698 2334 dicuntur,
743 2256 817 2359 quia
848 2255 924 2321 tibia
951 2266 1082 2321 ventose
1108 2256 1141 2320 in
1175 2254 1295 2323 musicis

102 2396 104 2405 .
164 2352 272 2418 sonet,
306 2355 339 2409 et
362 2342 553 2408 artificiosae
574 2340 776 2413 flexibilitatis
808 2352 923 2406 ‘vocum
952 2343 1150 2428 proprietate
1179 2342 1296 2419 amissa,

121 2439 157 2489 aa
166 2451 231 2491 rem
253 2429 360 2514 potius
382 2427 486 2495 sibilet
507 2450 603 2515 quam
613 2428 736 2494 musice
755 2425 945 2492 moduletur.
988 2426 1106 2492 Merito
1128 2448 1213 2513 ergo
1234 2448 1296 2493 eon

164 2512 259 2578 nimio
281 2516 360 2580 flatu
383 2524 649 2602 perstrepentem,
683 2511 784 2578 omnis
812 2510 917 2600 quiin
948 2522 1018 2576 arte
1037 2511 1159 2577 musica
1180 2512 1299 2599 'doctus

166 2609 233 2676 est,
254 2596 347 2664 ridet.
394 2598 489 2677 Unde
511 2611 544 2665 et
563 2599 724 2677 Minerva,
750 2596 783 2663 id
804 2609 854 2664 est
874 2596 1044 2683 sapientia.
1077 2600 1306 2684 exprobratam¹

139 2684 273 2750 ‘tibiam
294 2684 435 2772 projicit,
466 2706 563 2771 qoam
591 2695 696 2750 tamen
731 2682 876 2770 Marsyas
897 2683 1000 2748 sumit.
1051 2683 1199 2772 Marsyas
1221 2683 1296 2748 enim

166 2769 298 2833 stultus
327 2771 572 2857 interpretatur,
606 2769 660 2856 qui
690 2766 776 2835 solus
797 2767 829 2832 in
851 2778 920 2833 arte
939 2767 1057 2832 musica
1080 2769 1189 2834 tibiam
1212 2790 1315 2857 prae.

123 2862 159 2911 ³⁰
166 2875 287 2940 ponere
309 2855 403 2922 voluit
424 2854 582 2936 citharae;
600 2851 704 2964 [uude
725 2864 850 2921 etcum
870 2853 1003 2941 porcina
1024 2853 1138 2922 merito
1161 2854 1315 2944 pingitur·

165 2937 278 3005 cauda.

198 3109 207 3127 ·
250 3026 280 3091 8.
326 3026 393 3125 Sed
416 3025 609 3125 certantibus
639 3023 745 3091 Midas
764 3024 929 3114 imperitus
960 3023 1079 3091 assidet
1090 3023 1216 3127 judex.
1249 3022 1298 3115 qui

166 3121 262 3177 enam
299 3112 393 3176 nulrit
427 3136 538 3176 serena
568 3111 802 3198 interpretatur.
860 3111 926 3177 Hic
960 3124 992 3177 et
1022 3111 1149 3177 asininis
1186 3111 1298 3179 dieitur

168 3198 314 3276 auribus,
350 3197 424 3284 quia
444 3198 545 3262 omnis
567 3196 765 3263 discernendi
788 3218 900 3284 expers
918 3195 991 3261 nihil
1009 3188 1052 3263 ab
1074 3197 1166 3263 asino
1184 3186 1318 3269 differt·

124 3283 223 3348 aoOb
252 3283 336 3347 banc
364 3305 431 3349 rem
462 3293 496 3349 et
522 3305 633 3348 servus
666 3282 735 3372 ejus
762 3281 973 3349 auricularum
1011 3280 1154 3350 dedecus
1189 3284 1301 3351 dicitur

166 3365 354 3456 prodidisse.
396 3368 564 3458 Ingenium
585 3368 668 3434 enim
693 3377 852 3446 nostrum,
870 3378 917 3433 ,ut
936 3367 1071 3453 legitur,
1096 3391 1225 3437 serrum
1248 3362 1314 3437 bol·

169 3457 246 3521 bere
280 3452 436 3521 debemus
471 3451 513 3519 ad
550 3453 655 3520 omnia
692 3475 778 3541 quae
806 3451 950 3519 volumus
984 3455 1236 3551 obsequentem,
1269 3456 1305 3523 el'·

168 3550 294 3605 secreta
328 3549 436 3606 nostra
468 3549 562 3606 caute
596 3538 760 3606 celantem.
814 3540 928 3605 Canna
956 3551 1095 3613 autem,·
1116 3562 1175 3627 per
1208 3546 1304 3631 quaar'

169 3623 311 3690 dedecus
331 3622 407 3689 illud
432 3637 481 3692 est
503 3624 675 3713 prolatum,
704 3623 843 3726 gutturis
864 3623 1024 3710 significat
1042 3625 1215 3713 fistulam,
1247 3646 1308 3716 per·

115 3729 265 3796 ‘taquam
295 3711 426 3797 loquens
461 3732 551 3777 suam
581 3707 687 3797 prodit
712 3709 932 3796 ignorantiam.
987 3710 1105 3778 Pastor
1142 3734 1218 3780 vero
1250 3707 1313 3799 qui}

172 3794 277 3875 audit,
308 3796 438 3882 eosqui
460 3794 611 3862 doctrinis
634 3795 755 3861 animos
783 3808 919 3882 pascunt
941 3793 1106 3881 designat,
1144 3799 1202 3886 qui
1235 3797 1314 3889 e'uap

170 3881 262 3967 primi
291 3881 444 3946 inscitiam
478 3880 765 3970 deprehenderunt.
824 3879 916 3946 Idem
943 3880 1063 3955 Midas,
1104 3892 1140 3949 nt
1170 3822 1306 3951 oridia·

171 3965 285 4043 refert,
319 3967 492 4034 aBaccho
514 3967 603 4056 petiit
622 3978 655 4034 et
673 3965 868 4053 impetrarit,
905 3976 941 4032 ut
960 3963 1110 4052 quicquid
1133 3968 1284 4056 tetigisset

171 4070 282 4116 auram
306 4051 407 4117 lieret.
462 4053 558 4128 Quod
579 4074 693 4118 munus
712 4056 744 4118 in
779 4051 927 4118 ultionem
958 4052 986 4116 ei
1018 4073 1211 4121 conversum
1239 4064 1301 4131 αῖς

127 4135 319 4223 tsqrricquid
355 4137 437 4200 enim
472 4139 647 4240 tetigerat‚·
677 4137 708 4202 in
746 4158 860 4203 aarum
896 4137 1149 4204 convertebatur.
1205 4138 1307 4205 ctam·

159 4244 293 4310 quoque
313 4245 354 4291 ac
370 4234 471 4331 potus
494 4246 526 4295 rn
547 4224 618 4295 auri
636 4223 801 4297 materiam
819 4223 1040 4294 murmurabat.
1083 4221 1201 4314 Itaque
1220 4220 1310 4295 ideu']

1293 4466 1336 4569 l
