2684 4606
343 156 633 281 nprragrssrn,
680 177 743 254 ro.
798 166 849 299 a,
951 210 967 258 2
1031 124 1200 255 ¹sar¹

23 387 43 430 a
62 360 198 431 Baccho
219 358 404 451 postularit,
437 369 474 429 ut
493 360 585 428 mala
613 335 796 430 desiderata
818 364 997 441 averteret,
1028 383 1162 452 respon·
1187 335 1191 341 ¹

23 472 161 537 sumque
180 471 259 515 acce
281 448 321 528 it,
354 459 391 514 ut
422 469 515 514 suum
548 446 685 515 Pactolo
709 448 806 514 fluvio
828 469 866 512 ca
890 458 927 513 ut
957 470 1016 533 sup
1040 461 1160 518 oneret.
1273 466 1276 471 ’

22 536 99 609 Quo
123 535 230 611 facto,
258 472 410 598 l'actolus
431 555 545 598 aureas
570 554 684 599 arenas
704 534 809 601 traxit.
858 471 1039 619 lhexplebili
1059 535 1160 601 bomi-

22 643 100 687 num
126 619 291 708 cupiditati
310 618 393 684 hanc
414 617 524 684 dicunt
545 617 685 684 fabulam
705 617 856 685 allusisse.
899 620 1056 686 Avaritiae
1077 622 1161 687 enim

23 705 260 784 deservientes,
296 716 328 771 et
348 712 474 791 semper
495 725 607 769 aurum
630 692 722 769 suum
744 703 972 807 augmentare,
1010 716 1043 771 et
1064 703 1106 770 de
1127 728 1185 777 res

22 792 166 879 qualibet
188 789 394 877 multiplicare
415 788 596 876 cupientes,
618 789 703 855 fama
722 800 917 869 momuntur3
950 791 1036 856 verbi
1057 792 1165 878 gratia

22 876 151 955 Midas,
180 877 234 966 qui
256 874 406 942 avaritiae
425 873 569 953 deditus,
601 872 678 942 licet
698 875 728 941 ei
749 897 861 942 aurum
884 875 926 940 ad
947 874 1067 942 libitum
1088 900 1164 965 sup·

21 973 172 1051 peteret,
207 960 332 1027 minime
355 970 462 1027 tamen
485 961 574 1026 bonis
595 961 661 1026 suis
692 961 778 1029 vesci
798 960 952 1028 sustinuit.
1008 963 1166 1029 Scribitur

23 1060 135 1114 autem
158 1047 190 1112 in
212 1046 342 1113 historia
362 1045 404 1110 de
426 1070 483 1125 eo,
520 1042 608 1134 quod
641 1044 775 1116 collecta
800 1047 1005 1136 pecuniarum
1035 1070 1166 1114 suarum

23 1156 168 1210 summa,
198 1132 369 1199 Pactolum
389 1133 539 1213 fluvium,
570 1130 624 1219 qui
667 1153 703 1198 er
720 1155 823 1199 unum
845 1142 968 1203 tantum
989 1132 1114 1201 alveum
1133 1135 1208 1207 in1o

24 1240 118 1286 mara
140 1218 352 1295 decurrebat,
385 1240 443 1305 per
473 1155 717 1285 innumeradiles
746 1219 870 1286 meatus
900 1216 942 1283 ad
970 1217 1166 1306 irrigandam

23 1305 221 1393 provinciam
251 1303 454 1380 derivaverit,
485 1303 597 1390 sicque
625 1326 684 1371 sua
713 1325 852 1407 expensa
880 1303 1020 1392 pecunia
1037 1306 1167 1371 flurium
1221 1304 1226 1311 ’

25 1390 163 1457 fertilem
202 1387 386 1454 reddiderit.
444 1387 518 1463 Qua
556 1387 588 1452 in
623 1409 661 1454 re
708 1411 779 1473 ura
812 1411 943 1456 censum
980 1391 1167 1471 consumsit,
1209 1427 1212 1430 ⁴
1276 1428 1277 1435 κ

27 1488 128 1563 caput
159 1475 255 1540 fluxio
285 1473 402 1558 dicitur
440 1472 655 1561 supposuisse.
745 1473 846 1541 lurius
889 1496 1018 1562 quoque
1051 1498 1166 1543 aureas

26 1584 143 1627 arenas
165 1561 300 1626 traxisse
321 1558 453 1634 dicitur,
494 1557 583 1646 quod
613 1559 749 1645 frugifer
780 1559 884 1625 sactus
905 1570 964 1627 est.
1008 1560 1166 1647 Denique,
1174 1582 1209 1634 ιι

26 1659 65 1713 ut
87 1646 241 1725 diximus,
269 1643 391 1723 Midas,
421 1642 526 1710 idest
548 1644 625 1710 nihil
644 1647 748 1711 sciens
770 1644 875 1711 dictus
897 1655 963 1725 est,
984 1645 1071 1736 quod
1095 1669 1168 1714 ara·

25 1754 83 1798 rus
106 1730 190 1798 adeo
218 1731 332 1798 stultus
354 1739 420 1812 est,
450 1739 487 1796 ut
507 1729 567 1796 sibi
585 1728 743 1819 prodesse
761 1752 825 1796 non
845 1729 939 1799 norit.

112 1880 145 1962 ll.
187 1886 444 1985 Ope'Minerrae
464 1895 677 1971 Prometheus
709 1919 785 1965 usus
813 1905 879 1978 est,
914 1895 958 1965 de
989 1921 1054 1986 quo
1086 1897 1171 1965 banc

28 1981 170 2047 fabulam
207 1978 403 2069 confingunt.
462 1982 675 2049 Prometheus
710 1983 869 2050 hominem
905 2007 945 2050 ex
983 1983 1050 2051 luto
1080 1984 1167 2064 lecit,

28 2090 170 2155 eumque
190 2067 395 2135 inanimatum
429 2077 526 2154 atquo
558 2067 768 2136 insensibilem
801 2069 898 2135 linxit.
953 2070 1056 2158 Cujus
1085 2089 1212 2157 opusao
1251 2136 1253 2144 ,

27 2154 172 2220 Minerva
192 2154 322 2232 mirata,
362 2154 535 2241 spopondit
557 2154 590 2245 ei
621 2153 772 2304 quiapuid
794 2153 885 2222 vellet
916 2153 960 2221 de
981 2154 1073 2220 donis
1094 2177 1170 2232 cae-

28 2239 161 2306 lestibus
184 2238 226 2303 ad
248 2262 328 2326 opus
350 2262 444 2306 suum
459 2237 645 2329 juvandum,
711 2240 750 2306 lle
779 2263 816 2317 se
842 2241 971 2307 minime
998 2241 1082 2307 scire
1113 2241 1169 2317 ait,

27 2327 220 2413 quae-bona
242 2325 272 2388 in
299 2325 489 2390 caelestibus
510 2325 720 2405 haberentur;
756 2323 814 2392 sed
836 2325 863 2389 si
882 2327 951 2392 lieri
972 2336 1099 2414 posset,
1133 2337 1171 2391 ut
1293 2400 1298 2407 ι

28 2432 65 2476 se
85 2415 191 2496 usqn'e
212 2409 253 2474 ad
272 2432 404 2498 superos
430 2409 583 2488 elevaret,
606 2409 713 2497 petiit,
744 2409 879 2498 utquid
901 2434 960 2478 suo
982 2411 1071 2499 operi
1092 2431 1169 2476 con-

28 2505 183 2582 grueret,
213 2495 282 2583 ipse
315 2508 461 2561 cerneret
476 2505 522 2561 et
552 2494 694 2580 eligeret.
748 2494 804 2560 Illa
833 2516 914 2582 ergo
948 2519 1021 2562 eum
1054 2495 1210 2584 clypeoat

29 2586 89 2646 sdo
110 2580 291 2667 impositum
312 2581 343 2645 in
366 2580 488 2646 caelum
511 2580 629 2647 detulit.
683 2579 751 2645 Illic
773 2602 870 2668 quum
884 2581 1013 2657 ,videret
1032 2603 1175 2668 corpora.

30 2664 184 2734 caelestia
219 2667 387 2732 llarnmatls
409 2667 550 2731 animata
582 2667 723 2753 vegetari
761 2667 948 2755 vaporibus,
993 2666 1188 2733 clanculum‘

31 2751 168 2817 ferulam
195 2761 288 2817 rotae
315 2752 441 2818 Phoebi
469 2751 650 2840 applicans,
682 2752 792 2838 ignem
823 2751 946 2819 furatus
974 2763 1039 2833 est,
1070 2768 1169 2903 gnam

29 2837 156 2925 pectori
177 2835 338 2924 applicans
357 2837 509 2917 hominis,
540 2837 710 2904 animatum
732 2834 873 2904 reddidit
887 2860 1019 2926 corpus.
1104 2839 1168 2903 eni·
1236 2888 1240 2895 f

55 2945 96 2987 ue
118 2922 251 3008 ligatum
284 2945 358 2989 eum
390 2923 496 2989 ferunt
528 2921 643 2988 vulturi
662 2922 757 3009 jecur
784 2945 926 3010 perenna
976 2923 1212 2992 raebentem.ao

86 3008 149 3074 lert
168 3007 249 3073 Nica
277 3031 360 3088 oras,
383 3020 415 3075 et
436 3014 570 3075 testatur
589 3007 762 3079 Petronius
783 3008 919 3089 Arbiter,
971 3010 1170 3076 rometheum

28 3093 170 3181 primum
203 3029 324 3160 idolum
351 3094 524 3171 formasse,
563 3091 740 3180 vulturiqne
765 3091 857 3179 jecur
894 3095 1094 3185 praebuisse,
1130 3118 1169 3160 eo

30 3177 119 3268 quod
139 3177 235 3244 invidi
257 3178 354 3246 dente
374 3202 447 3245 eum
467 3178 671 3266 detractionis
692 3179 928 3246 momorderint
977 3179 1169 3266 Fulgentius

30 3286 108 3331 xero
149 3262 378 3343 Prometheum
425 3263 477 3329 dci
521 3262 751 3351 providentiam
796 3266 909 3334 asserit
953 3265 1169 3354 interpretari;

29 3350 206 3417 Minervam
237 3372 313 3417 vero
348 3349 517 3417 caelestem
554 3371 626 3415 esse
656 3349 858 3436 sapientiam
891 3351 1027 3417 divinum
1061 3353 1069 3415 i
1097 3373 1212 3424 nemas
1275 3402 1276 3407 η

30 3435 218 3524 sapientiam
251 3435 300 3500 vel
330 3436 465 3502 animam
499 3433 639 3522 intelligi.
698 3434 812 3499 Divina
845 3437 946 3523 igitur
974 3371 1190 3525 providentias
1285 3446 1289 3453 ‘

31 3518 165 3587 Pallade
185 3521 233 3587 ins
257 3533 394 3602 ectante,
408 3542 492 3609 quae
512 3520 574 3585 dea
597 3530 647 3586 est
667 3518 851 3606 sapientiae,
866 3521 905 3603 xid
927 3533 976 3588 est
996 3521 1171 3609 sapientem
1257 3581 1259 3586 .

30 3602 192 3673 bominem
228 3544 386 3687 humans,
430 3607 459 3672 ei
492 3617 527 3672 ut
548 3605 665 3672 viveret
695 3605 830 3671 animam
860 3629 931 3673 esse
960 3607 1197 3698 necessariam!

32 3691 127 3772 vidit,
170 3715 266 3779 quam
295 3694 326 3758 ei
355 3690 440 3760 velut
467 3689 509 3757 de
529 3690 629 3755 <caelo
661 3702 794 3758 tractam
822 3691 973 3769 ⁴divinitus
1001 3693 1170 3781 inspiravit.

32 3775 148 3845 Merito
169 3790 277 3845 autem
299 3788 332 3845 et
361 3801 381 3843 a
410 3776 477 3843 sole
508 3775 644 3843 faculam
674 3776 838 3856 accendit,
878 3778 966 3868 quod
993 3777 1213 3849 secundumao
1254 3787 1257 3794 ’

53 3863 73 3929 h
96 3863 182 3930 sicos
199 3886 299 3951 quum
319 3865 359 3929 ab
382 3861 448 3929 aliis
468 3860 602 3949 planetis
624 3862 683 3927 alia
706 3861 928 3950 accipiamus,
947 3888 967 3930 a
988 3865 1055 3931 sole
1076 3866 1170 3931 vitam

16 3882 199 4034 hahemus.
261 3948 428 4015 Vulturem
459 3969 534 4012 vero
567 3947 663 4035 jecur
695 3947 763 4035 ejus
792 3961 973 4037 carpentem
1001 3949 1034 4016 in
1066 3951 1172 4034 ligura

10 4032 142 4103 mundi
166 4033 231 4101 vult
252 4034 370 4120 accipi,
392 4033 479 4121 quod
500 4042 536 4100 et
553 4033 646 4098 celeri
668 4031 806 4120 quadam
833 4034 1016 4102 volucritate
1035 4033 1173 4101 mundus

37 4130 196 4198 versetur,
236 4130 269 4185 et
290 4119 481 4188 cadaverum
503 4120 701 4184 nascentium
722 4116 999 4209 occidendumque
1026 4122 1173 4209 perenni-

38 4204 322 4294 tuedepascatur.
372 4203 521 4294 Denique
541 4215 575 4271 et
596 4204 681 4274 lactc
703 4204 837 4273 homine
853 4207 1054 4276 Pandoram
1071 4203 1249 4268 immutab

770 4323 899 4392 lb*'
