2684 4606
302 1000 311 1033 2
491 910 836 1026 taeterrimus
941 940 944 947 ’
1191 1038 1193 1043 .

152 1058 555 1171 ronroars
632 1036 1225 1168 ru1iosorui

246 1264 295 1332 ru
316 1264 412 1348 ouo
433 1264 733 1334 cournsroa
753 1262 923 1332 ronos
943 1252 1084 1330 ouius

512 1368 808 1465 ossonwrro.
948 1371 953 1379 ’

178 1616 211 1676 i.
257 1612 338 1678 Post
367 1637 481 1680 omnes
511 1615 774 1695 admonitiones,
807 1622 889 1701 quas
920 1610 984 1676 tibi
1014 1610 1238 1678 commendari

91 1697 132 1761 de
152 1699 262 1764 studio
283 1701 368 1766 vitae
389 1711 486 1782 tuae,
509 1701 678 1767 carissime
700 1700 771 1781 tili,
791 1696 956 1787 incipiens
987 1696 1015 1789 1)
1042 1721 1140 1775 „nunc
1161 1697 1240 1764 volo

91 1783 154 1847 tibi
174 1808 341 1874 exponere
360 1787 514 1852 historias
534 1785 694 1877 plurimas
702 1812 724 1889 ,p
740 1806 879 1874 quarum
897 1783 1037 1873 ipsemet
1060 1784 1091 1875 a)
1110 1782 1240 1935 alitpuas

91 1869 181 1952 vidi,
217 1883 341 1937 ceteras
371 1897 449 1938 vero
483 1874 523 1937 ab
556 1873 696 1950 eruditis
715 1871 860 1936 *auditas
892 1870 1049 1959 percepi,
1081 1892 1163 1960 quas
1186 1893 1238 1935 atn

91 1955 235 2023 lectione
257 1958 371 2024 didici.
417 1958 507 2025 llaec
536 1959 636 2049 igitur
658 1957 812 2023 sensibus
832 1958 1137 2046 comprehendens,
1171 1979 1239 2022 non

91 2041 200 2106 solum
223 2045 324 2109 multa
345 2044 440 2109 utilia
460 2058 639 2135 cognosces
657 2044 710 2133 b),
742 2044 802 2109 sed
831 2043 927 2108 etiam
956 2067 1073 2109 ornare
1108 2043 1238 2128 sapien·

90 2127 170 2192 tiam
193 2154 235 2194 ex
257 2131 487 2196 huiuscemodi
508 2154 618 2196 rerum
639 2124 852 2217 barietatibus'
868 2129 1085 2218 praevalebis.
1129 2127 1238 2212 Quae·
1297 2123 1303 2138 '

91 2225 202 2278 rentes
232 2226 339 2280 autern
369 2217 536 2300 seribere,
569 2217 726 2280 debemus
750 2215 859 2278 dicere
880 2215 1038 2304 primum,
1059 2214 1242 2304 'quomodo

90 2300 235 2366 mundus
270 2319 288 2364 a
316 2301 389 2368 Deo
419 2303 520 2367 fuerit
550 2302 740 2366 institutusz
780 2300 899 2366 dehine
930 2324 1025 2390 quae,
1045 2311 1158 2391 gentes
1182 2300 1238 2364 'ab
1278 2315 1282 2323 “

90 2388 219 2452 oriente
261 2382 381 2476 usque'
405 2389 446 2453 ad
482 2388 686 2453 occidentem
720 2387 916 2452 constitutae
950 2387 1038 2451 sinis
1072 2395 1148 2475 post
1174 2386 1238 2452 boe

90 2483 213 2562 quanta
235 2474 305 2537 sint
323 2498 443 2561 genera
464 2473 697 2539 barbarorum:
721 2473 840 2538 deinde
861 2497 992 2537 omnem
1011 2471 1236 2537 Rornanorum

89 2572 238 2623 terram:
272 2569 354 2648 quot
382 2563 450 2625 sint
477 2561 625 2625 inomni
654 2559 777 2623 mundo
799 2559 1008 2646 provinciae,
1041 2559 1095 2623 vel
1122 2558 1237 2646 quales

89 2646 126 2709 in
149 2644 389 2711 substantiane
419 2656 598 2736 potestate:
633 2669 718 2749 quae
750 2645 896 2710 civitates
925 2646 960 2711 in
989 2643 1145 2746 singulis,
1160 2668 1236 2745 pro·

89 2731 210 2797 vinciis
231 2731 435 2797 habeanturz
471 2743 505 2799 et
533 2732 616 2822 quid
644 2756 680 2797 m
709 2755 906 2820 unaquaque
926 2730 1096 2820 provincia
1116 2741 1174 2794 aut
1192 2755 1239 2797 ers

88 2818 190 2883 vitate
204 2818 317 2967 possit
331 2817 360 2907 c)
383 2843 455 2882 esse
477 2820 713 2971 praecipuum
737 2819 931 2884 munificum
952 2816 1041 2882 enim
1062 2818 1126 2882 lroe
1150 2840 1235 2906 opus

90 2915 125 2969 et
149 2914 201 2969 stu
227 2903 333 2968 iesum
354 2905 437 2969 mibi
456 2929 530 2970 esse
551 2906 585 2972 vi
608 2916 693 2970 etur.
1095 2932 1097 2939 ·

174 3020 209 3083 2.
255 3018 353 3085 Unde
380 3042 458 3108 ergo
487 3041 548 3083 nos
580 3027 708 3108 oportet
740 3017 908 3106 incipere,
941 3017 1007 3082 nisi
1025 3016 1055 3108 2)
1089 3019 1148 3084 abs
1180 3017 1236 3082 Iu·

90 3106 253 3172 deseram
284 3106 403 3170 libris?
435 3129 583 3202 natoque
612 3104 760 3171 aliarum
792 3107 943 3194 penatium
973 3104 1124 3171 historici
1131 3152 1154 3197 ,Ι
1176 3101 1238 3192 qui

89 3193 131 3256 de
151 3191 203 3256 lus
220 3191 364 3256 seribere
380 3196 600 3270 rettulissent,
623 3191 712 3269 nibil
724 3194 892 3255 sincemm
907 3188 1019 3255 dicere
1036 3199 1235 3281 potueruntr

89 3278 183 3343 solus
205 3287 312 3340 autem
334 3276 469 3365 Moyses
500 3277 619 3366 plenus
648 3277 844 3342 ludaeorum
877 3276 1038 3364 propheta
1066 3276 1156 3366 quod
1186 3282 1237 3340 est

90 3374 220 3428 eertum
240 3363 385 3451 scripsit.
431 3362 483 3426 De
505 3363 685 3452 provinciis
709 3385 787 3426 vero
809 3372 842 3427 et
869 3363 1073 3448 temporibus
1094 3385 1235 3450 sequen·

88 3450 135 3515 tia
165 3449 251 3515 dixit
271 3448 417 3514 Berosus
439 3447 678 3515 Chaldaeorum
698 3448 970 3553 philosophus5)‚
994 3449 1088 3514 euius
1109 3448 1236 3513 litteras

160 3672 192 3740 a)
229 3673 296 3732 cod.
316 3672 434 3724 eiusdem
458 3689 506 3741 pro
531 3671 651 3741 ipsemet.
680 3687 685 3695 “
765 3672 797 3740 b)
833 3672 899 3728 cod.
923 3670 1102 3746 cognose-ebir,
1128 3673 1172 3740 qui
1194 3676 1234 3723 est
1276 3676 1286 3689 ²

87 3745 193 3798 barbari
214 3747 376 3797 amanuensis
395 3746 564 3797 soloecismus
590 3743 762 3798 retinentia·
837 3745 866 3811 c)
886 3744 951 3798 Cod.
968 3755 1066 3813 potest.
1104 3790 1109 3801 .

161 3818 193 3885 l)
228 3819 298 3871 Itum
325 3815 453 3885 incipiens
474 3817 636 3871 referendum
656 3817 743 3885 potius
759 3815 793 3868 ad
807 3816 871 3884 fili,
893 3818 929 3870 ita
949 3824 979 3869 ut
1000 3818 1035 3869 sit
1058 3832 1152 3871 nomen
1173 3829 1233 3882 pro-

86 3891 173 3959 prium
199 3888 362 3942 lucrrrsns‘i

161 3960 193 4026 2)
230 3962 262 4012 ln
284 3977 384 4012 sunnio
413 3959 502 4011 codiee
528 3975 617 4011 versos
637 3961 736 4025 aliquot
753 3957 858 4010 madore
884 3958 1066 4016 extabuerunt.
1101 3959 1161 4024 Ego
1185 3955 1234 4022 igi-

89 4042 133 4084 tur
152 4034 333 4101 supplementa
355 4033 419 4083 baec
443 4031 525 4084 adieci
547 4033 676 4082 inclinatis
702 4032 802 4084 titteris.
1102 4071 1105 4079 .
1231 4082 1236 4093 ,

160 4104 193 4169 3)
229 4104 336 4163 lterosi,
359 4104 489 4169 quivixit
519 4104 658 4154 Alexandri
688 4103 773 4166 magni
809 4101 983 4167 temporibus,
1007 4104 1138 4169 praeclaro
1157 4106 1237 4161 atque
1319 4156 1321 4161 Ι

67 4174 198 4242 'eopiosa
220 4175 352 4228 chaldaici
373 4174 486 4227 chronici
500 4175 644 4242 fragmenta
663 4174 743 4261 babela
765 4173 834 4245 apud
858 4172 1005 4228 Eusebium
1031 4190 1053 4225 a
1070 4189 1119 4225 me
1144 4171 1251 4219 edom

86 4247 177 4300 cirron.
196 4248 238 4303 ub.
258 4249 279 4299 l.
