2684 4606
51 188 55 201 =
122 162 241 239 seo
414 95 609 266 unuani
633 166 706 239 ur.
761 163 802 239 s.
857 161 1053 239 ra..rs.

243 336 342 415 Nam
362 347 449 436 quin
468 370 531 413 nec
550 345 629 433 leto
649 347 776 413 merito
797 369 859 413 nec
879 357 990 413 morte
1006 346 1164 436 peribat,
1259 394 1263 403 .

155 432 192 502 id
212 445 262 501 est
285 432 428 499 naturali.
470 431 551 498 Inde
572 445 605 500 et
627 433 746 499 Iridem
767 432 813 510 ei,
848 444 885 501 ut
912 433 994 500 mori
1022 435 1147 521 possit,
1191 432 1305 501 orium

100 584 105 597 ,
158 520 236 587 facit
255 517 462 599 abscindere,
491 517 679 607 Euripidem
707 519 862 601 imitatus,
902 520 957 607 qui
976 518 1180 586 Mercurium
1200 518 1305 587 itidcnr

159 627 286 673 comam
312 605 429 671 Alcesti
456 615 643 693 secantem,
659 606 751 693 .quia
777 604 843 671 fato
870 604 974 673 mariti
994 605 1139 693 peribat,
1177 604 1313 674 inducit·

133 691 229 762 sNisi
251 689 334 757 enim
366 688 415 753 rel
437 688 563 755 Parcae
583 689 687 769 filum,
725 690 757 756 in
785 713 850 778 quo
882 691 946 758 vita
965 690 1100 758 hominis
1133 691 1303 779 pendebat,

157 775 338 864 rupissent,
376 775 424 840 rel
446 774 657 864 Proserpina
671 797 787 841 nomen
816 776 884 865 ejus
906 777 938 841 iu
963 787 1055 864 poste
1075 776 1168 865 apud
1189 777 1303 845 inferos

89 914 92 931 .
157 870 319 940 notasset,
362 860 411 926 rel
438 861 557 927 crinem
579 860 620 927 de
648 862 755 949 capite
784 862 991 944 abscidisset,
1027 861 1076 927 rel
1105 861 1301 931 Eumenides

158 970 232 1013 eum
259 944 407 1034 lampade
434 946 638 1029 lustrassent,
685 947 766 1012 mori
794 947 864 1035 quis
895 970 959 1014 uon
995 970 1092 1036 posse
1127 947 1301 1017 dicebatur.

158 1031 227 1099 Sed
249 1043 283 1100 et
303 1030 424 1121 lapides
446 1033 587 1099 omnium
606 1034 640 1099 in
657 1054 736 1100 urna
757 1031 845 1122 apud
873 1033 994 1101 inferos
1014 1034 1156 1115 versari,
1196 1044 1232 1103 et
1251 1056 1300 1103 cu-
1327 1065 1328 1074 ¹

117 1117 208 1207 10jns
229 1117 314 1208 lapis
345 1119 431 1207 prior
459 1119 576 1199 exiret,
613 1119 771 1207 priorem,
810 1118 902 1210 cujus
922 1119 1043 1196 serior,
1078 1119 1239 1189 seriorem
1263 1116 1299 1187 ad

156 1204 276 1271 inferos
299 1201 497 1270 descendere
518 1215 710 1271 asseverant.
1191 1234 1196 1243 ·
1268 1236 1278 1251 .

245 1292 307 1357 12..
338 1288 472 1355 Talibus
499 1291 727 1378 figmentorum
757 1288 897 1357 ridiculis
927 1310 1059 1375 operam
1088 1312 1223 1380 semper
1248 1288 1297 1357 ad·

78 1384 81 1391 '
156 1376 259 1453 hibuit
285 1373 479 1461 inveniendis
504 1375 639 1464 pulchre
668 1375 807 1442 mendax
837 1377 979 1443 Graecia
1006 1383 1040 1442 et
1068 1377 1203 1464 poetica
1228 1396 1297 1463 gar·

11 1522 13 1529 .
156 1462 285 1537 rulitas,
319 1484 448 1548 semper
470 1459 512 1528 de
533 1462 670 1529 falsitate
691 1472 814 1528 ornata.
856 1462 927 1527 Has
950 1470 1057 1527 antem
1078 1464 1195 1529 mortis
1218 1484 1303 1549 com·-

45 1624 53 1634 ,
116 1546 323 1622 ramenticias
345 1546 574 1618 dilationesah
596 1548 658 1614 hac
675 1569 713 1614 re
729 1557 818 1614 ortas
838 1546 964 1624 ferunt,
992 1544 1082 1634 quod
1105 1548 1206 1617 certis
1228 1556 1295 1615 co'n·

154 1632 389 1702 secretionibus
420 1633 565 1701 solebant
598 1633 734 1725 majores
770 1632 898 1713 facere,
939 1642 976 1698 ut
1004 1629 1160 1703 adversus
1193 1654 1294 1701 omnes

156 1722 306 1788 fortunae
330 1720 467 1807 impetus
495 1731 604 1786 essent
631 1719 751 1786 muniti.
807 1717 882 1783 Nec
908 1729 1074 1806 poteraut,
1102 1728 1140 1785 ut
1162 1719 1208 1787 ait
1227 1720 1294 1787 ser·

155 1807 244 1885 vius,
272 1804 374 1885 mori,
406 1805 465 1871 nisi
487 1816 602 1873 exacta
621 1805 673 1871 illa
697 1802 948 1871 consecratione.
1004 1800 1101 1870 Unde
1130 1805 1220 1873 circa
1245 1802 1293 1869 lli·

156 1891 273 1957 donem
300 1890 362 1956 ista
393 1900 567 1957 servantur.
623 1890 730 1957 Porro
765 1910 894 1955 urnam‘
910 1889 994 1956 illam
1028 1889 1135 1976 ipsum
1175 1888 1320 1981 quiden

113 1973 313 2049 sumundum
333 1995 398 2038 non
419 1974 560 2042 absurde
582 1976 743 2064 accipiunt
763 1995 891 2062 semper
911 1975 1100 2041 titubantem
1133 1985 1169 2043 et
1198 1974 1293 2042 omnia

159 2071 338 2128 versantem
373 2059 477 2127 etad
498 2060 618 2127 inferos
639 2083 863 2148 quoscumque
882 2072 973 2127 tonet
992 2060 1182 2127 mittentem.
1206 2058 1294 2149 Unde

15 2144 20 2155 '
61 2153 68 2177 ’
156 2147 329 2214 Horatius:
368 2144 537 2211 Omnium
556 2158 720 2211 versetur
740 2168 851 2226 urna,
878 2146 991 2210 serius
1012 2145 1108 2209 ocius
1130 2166 1208 2217 sors
1226 2144 1293 2211 erii-

45 2254 47 2263 ’
156 2244 252 2299 tura.
294 2226 363 2296 Sed
385 2240 418 2297 ct
438 2231 480 2298 ab
501 2230 632 2299 historia
653 2230 787 2301 ductum
809 2228 943 2298 videtur.
986 2230 1107 2296 Graeci
1129 2230 1247 2317 enim„
1264 2239 1294 2297 ut

155 2318 294 2406 legitur,
321 2316 448 2402 legator
469 2316 620 2406 quopiam
640 2316 783 2396 missuri,
815 2325 920 2383 sortes
939 2315 971 2382 in
991 2338 1107 2382 urnam
1128 2314 1294 2405 ponebant,

113 2415 192 2474 auct
220 2424 304 2494 quos
337 2424 409 2469 sors
440 2400 636 2484 destinabat,
668 2402 844 2470 mittebant.
897 2399 952 2467 De
980 2399 1110 2469 Didone
1137 2402 1294 2492 expirante

135 2488 336 2577 'dilapsum
367 2486 446 2557 dicit
473 2488 635 2578 Virgilius
656 2487 823 2567 calorem,
860 2509 916 2553 eos
948 2486 1107 2569 imitatus,
1148 2488 1206 2592 qui
1235 2487 1293 2555 aui·

156 2598 242 2646 mam
266 2572 378 2643 dicunt
397 2574 537 2642 calorem
557 2596 647 2653 csse,
689 2594 755 2660 qua
774 2570 966 2655 recedente,
989 2579 1107 2660 corpus
1128 2572 1247 2662 friget,
1265 2583 1294 2639 et

158 2661 198 2725 in
237 2669 357 2725 ventos
397 2661 509 2727 vitem
544 2656 741 2737 recessisse,
780 2656 815 2723 id
848 2668 897 2725 est
926 2654 1104 2744 animam3
1142 2670 1183 2728 ut
1219 2658 1294 2738 alibi,

157 2755 343 2809 tenues-
363 2765 538 2811 arcessere
555 2745 651 2811 vitas
658 2766 672 2823 3
712 2752 768 2810 aut
792 2743 860 2810 illos
888 2755 1035 2824 secutus,
1076 2743 1133 2834 qui
1166 2745 1295 2813 animam
1340 2747 1342 2820 i

115 2835 267 2903 auserem
288 2827 416 2911 dicunt,
448 2830 512 2896 hoo
532 2841 599 2908 est,
627 2829 658 2894 iu
679 2828 842 2897 materiam
865 2850 955 2896 suam
976 2828 1102 2910 redire;
1137 2841 1195 2899 aut
1216 2830 1313 2898 coru·
1341 2835 1342 2928 l

156 2915 354 3004 Epicureos,
400 2915 456 3002 qui
497 2914 634 2981 animam
672 2914 783 2982 dicunt
817 2914 923 3004 perire
961 2937 1034 2981 cum
1075 2936 1232 3006 corpore,
1264 2924 1297 2983 ut

155 3001 372 3088 intelligamus
409 3000 544 3068 evanuit
614 3000 669 3066 Ob
706 3021 802 3089 quam
836 3022 910 3071 rem
950 2999 1130 3069 secundum
1171 2999 1295 3070 eosdem
1333 3037 1342 3096 ,4

158 3085 280 3155 dictum
303 3097 367 3154 est:
401 3085 538 3151 Facilis
549 3084 700 3172 jactura
720 3085 884 3174 sepulcri.

244 3173 297 3240 13.
340 3171 424 3240 uam
446 3170 541 3240 etiam
571 3170 655 3238 inter
678 3171 811 3240 exordia
841 3168 989 3239 conditae
1010 3168 1222 3259 Carthaginis
1242 3172 1296 3239 Δο-

26 3290 30 3305 »
115 3281 239 3336 aeneae
258 3269 407 3348 nuptam:

241 3341 458 3432 Frugiferae
481 3339 614 3422 Cereri,
648 3340 850 3430 Phoeboque
867 3339 1035 3443 patrique
1059 3340 1195 3430 Lyaeo,

158 3431 277 3500 Juuoui
298 3451 374 3498 vero
397 3437 471 3494 ante
492 3447 602 3492 omnes
623 3426 856 3496 sacrificantem
882 3425 1022 3503 inductu
1056 3414 1173 3494 Cereri
1192 3426 1298 3496 rideli-

159 3530 230 3600 oet,
258 3526 295 3584 ut
317 3517 446 3600 frugum
466 3522 610 3601 praestet
635 3510 879 3596 secunditatem
912 3512 1067 3592 Phoebo,
1097 3514 1176 3602 quia
1195 3514 1297 3605 auspi·

159 3605 234 3685 ciis,
270 3612 309 3670 ut
342 3621 440 3687 supra
477 3597 627 3679 diximus,
664 3610 809 3687 praeest,
846 3599 961 3688 quibus
994 3597 1090 3664 urbes
1124 3613 1325 3687 reguntur3

50 3750 54 3762 ,
119 3690 292 3778 soLyaeo,
325 3685 359 3753 id
383 3697 432 3754 est
451 3684 601 3766 Baccho,
636 3683 706 3772 qui,
738 3685 834 3753 utin
866 3683 1069 3773 sequentibus
1102 3681 1298 3767 docebimus,

162 3787 238 3879 apte
264 3774 396 3842 urbibus
418 3771 572 3839 libertatis
594 3779 644 3837 est
664 3768 758 3837 deus.
801 3769 895 3838 Unde
917 3780 950 3837 et
969 3769 1126 3859 Marsyas,
1150 3770 1222 3874 ejus
1245 3772 1299 3841 mi·
1324 3807 1326 3818 .

161 3871 277 3942 anter,
300 3858 402 3929 estin
425 3857 600 3926 civitatibus
627 3855 781 3924 libertatis
795 3856 968 3924 indicium.
1020 3854 1106 3921 Nam
1136 3854 1180 3925 dir
1204 3856 1300 3929 aliisi

160 3948 194 4015 in
219 3949 346 4050 urbium
364 3944 519 4051 'primitiis
538 3944 741 4027 invocentur,
773 3942 816 4012 ad
837 3943 990 4033 privatam
1010 3937 1045 4007 id
1064 3942 1206 4030 pertinet
1226 3965 1300 4013 oau-

120 4031 483 4191 tasam'Jdlridriiddrb'ie
502 4130 635 4192 omnes,
667 4113 726 4180 cui
746 4110 863 4176 vincla
878 4107 1026 4263 jupalin
1047 4131 1165 4175 curne.

157 4205 312 4285 Quamvis
334 4203 418 4272 enim
440 4204 486 4271 rel
517 4199 663 4293 publicae
691 4197 807 4271 utilitas
840 4197 919 4265 simu
932 4203 1055 4276 aretur,
1096 4205 1167 4263 erat
1196 4206 1303 4267 tamen
