2684 4606
77 175 163 271 ¹r
451 141 696 273 myrhopel.
752 167 952 245 rr-rr.
1068 106 1075 113 ’

373 354 435 431 ll.
490 358 683 434 Titanes
720 369 762 431 et
792 355 1034 459 Gigantes.

223 513 355 581 'litanas
378 524 412 579 et
435 509 597 597 Gigantas
619 509 743 592 Terra,
776 510 809 578 id
837 522 888 578 est
914 512 1035 583 Ceres,
1060 509 1143 576 irata
1166 509 1208 576 ob
1231 511 1284 577 sui

140 611 235 689 atque
264 597 392 678 Tantali
421 594 629 677 derisionem,
670 597 784 682 genuit
814 619 854 664 ex
883 620 920 664 se
949 610 1062 664 contra
1093 596 1285 679 Saturnum,

49 700 52 707 '
140 699 173 754 et
193 695 304 775 postea
327 695 438 749 contra
458 682 589 763 Jovcrn,
619 680 678 748 sed
704 693 737 750 et
763 681 807 749 ad
828 706 938 749 omncs
965 682 1044 748 deos
1066 681 1285 770 expellendos,

114 773 171 838 oin
204 771 272 859 ejus
306 769 466 836 ultionem.
517 767 582 842 Qui
615 769 767 836 montium
795 792 893 856 supra
920 782 1045 835 montes
1075 780 1218 869 aggestu
1250 781 1286 839 et

140 856 295 944 congerie
324 856 357 920 in
378 852 501 939 caelum
523 852 688 921 voluerunt
716 854 910 934 ascendere,
939 865 972 922 et
1000 853 1080 920 deos
1107 853 1184 919 rude
1205 856 1285 942 prc-

140 941 268 1031 pellere.
310 940 360 1007 Ad
389 961 469 1027 quos
498 937 732 1027 oppugnandos
757 939 904 1028 Juppiter
925 962 1036 1006 ornnes
1059 938 1139 1005 deos
1162 961 1284 1006 conro-

140 1030 241 1111 cavit3
269 1038 303 1094 et
324 1035 478 1092 venerunt
497 1023 580 1093 inter
601 1036 726 1092 ceteros
746 1024 847 1093 Liber
891 1037 977 1104 ater,
1006 1024 1188 1104 Vulcanus,
1218 1026 1284 1093 Sa·

140 1113 218 1204 tyri,
251 1113 367 1191 Sileni,
403 1109 505 1190 asellis
533 1110 633 1191 recti3
666 1132 802 1198 quorum
833 1050 978 1179 vilelicet
1000 1112 1162 1177 asinorum
1181 1110 1283 1178 nimio

100 1199 277 1266 roconfuso
306 1199 464 1276 clamore,
492 1195 687 1284 Gigantibus
708 1196 866 1277 inaudito,
894 1198 1002 1264 hostes
1024 1197 1158 1280 Titanes
1178 1197 1283 1266 territi

89 1320 93 1333 ι
141 1287 275 1371 l'ugere;
304 1283 445 1371 quamvis
466 1294 560 1349 antea
582 1292 615 1349 ct
635 1281 695 1369 ipsi
715 1280 777 1363 (lii,
806 1283 838 1350 Τ
882 1283 954 1350 hoel
974 1281 1123 1382 Gigantis
1146 1294 1283 1370 aspectu
1313 1316 1316 1323 ·

139 1367 318 1459 perterriti,
343 1368 377 1433 in
394 1366 520 1434 diversa
540 1379 683 1434 monstra
703 1379 738 1435 et
757 1369 840 1436 anim
872 1370 903 1436 ‘a
923 1366 1156 1445 tramlormati,
1185 1368 1283 1435 aulu-

140 1456 272 1544 gissent.
313 1454 463 1556 luppiter
493 1465 601 1521 autem
630 1452 745 1521 auxilio
773 1454 914 1544 aquilae,
946 1475 1030 1541 quac
1060 1452 1190 1522 fulmina
1218 1453 1281 1521 'sibi

66 1619 74 1633 ,
143 1552 275 1629 portans
297 1540 515 1616 minrstrabat,
537 1562 593 1607 eos
614 1537 749 1622 devicit,
778 1553 811 1609 et
835 1541 868 1607 in
888 1545 991 1609 Aetna
1011 1538 1184 1621 conclusit,
1205 1538 1299 1608 abe.

101 1648 209 1716 loque
231 1648 295 1693 uno
317 1625 436 1693 Titane
456 1624 542 1693 Sole.

552 1820 624 1928 ⁸12.
677 1854 861 1955 Pelops.
1105 1852 1125 1925 i

189 1994 398 2088 ‘Tantalum
449 2017 518 2073 ater
538 2005 619 2072 Pelo
642 2007 687 2088 is,
710 2007 832 2095 Gigas,
860 2005 967 2074 rolens
988 2017 1115 2076 tentare
1135 2008 1280 2080 divinita-

43 2098 46 2116 '
140 2105 203 2163 tent
225 2093 378 2173 deorum,
408 2031 564 2179 pl'epopem
595 2029 693 2159 lilium
722 2115 817 2163 suurn
839 2094 885 2162 eis
906 2091 1099 2180 epulandum
1120 2098 1306 2187 apposuit..

112 2162 139 2228 s
141 2176 237 2245 Unde
267 2202 327 2269 pro
360 2178 423 2244 hac
451 2179 580 2246 tentans
606 2177 773 2248 damnatus
801 2190 867 2259 est,
897 2179 991 2247 utin
1017 2178 1161 2249 Eridano
1189 2192 1311 2271 stans¹

96 2265 288 2347 aollumine,
316 2263 366 2331 siti
387 2276 516 2366 pereat,
555 2265 705 2416 l'omepue
729 2265 877 2347 laborans
899 2287 1011 2354 poma,
1045 2288 1129 2354 quac
1151 2267 1310 2359 suntin„

137 2349 274 2438 praelati
312 2350 448 2417 flammis
486 2350 576 2435 ripa,
612 2352 640 2417 ri
664 2363 719 2419 eat
754 2375 816 2419 nec
849 2352 1048 2439 contingatis
1074 2353 1197 2421 Postea
1224 2353 1300 2436 dit,

108 2438 112 2443 ”
136 2438 249 2524 punito
273 2434 438 2525 ‘'l'antalo,
470 2458 568 2524 quum
596 2435 765 2527 voluissent
785 2426 882 2504 filium
905 2437 972 2530 ejus
994 2442 1148 2505 revocare
1167 2440 1209 2506 ab
1229 2440 1281 2507 in·
1295 2504 1308 2517 ,.

137 2523 234 2604 t'eris,
271 2524 390 2603 Ocres,
445 2544 508 2588 uae
534 2523 566 2589 in
596 2525 756 2604 convivio,
796 2523 911 2592 ceteris
941 2522 1000 2591 diis
1034 2525 1282 2606 abstinentibus,

138 2608 204 2674 sola
239 2609 403 2674 brachium
464 2608 561 2697 elopis
593 2620 831 2687 consumserat,
865 2611 1040 2677 eburneum
1062 2610 1228 2678 brachium
1248 2613 1282 2679 ei

95 2693 283 2765 osrestitnit.
314 2693 413 2768 Quod
433 2693 508 2760 ideo
526 2695 669 2781 fingitur,
696 2696 771 2782 quia
792 2696 894 2762 Ceres
914 2696 984 2784 ipsa
1005 2705 1055 2761 est
1074 2707 1172 2780 terra,
1194 2706 1294 2785 quac'

45 2828 53 2845 r
139 2780 284 2847 universa
307 2801 444 2868 corpora
463 2781 639 2862 consumit,
669 2802 742 2849 ossa
762 2793 869 2849 tamen
890 2801 1065 2850 reservans.

556 3032 622 3112 13.
677 3037 861 3141 Tityus.

227 3180 343 3280 'Pityus
379 3209 462 3256 unns
499 3188 559 3257 fuit
588 3190 796 3278 Gigantum,
823 3191 878 3281 qui
911 3188 1018 3257 rolens
1047 3210 1121 3257 cum
1149 3189 1280 3261 Latona

29 3346 31 3355 ,
141 3279 376 3356 concumbere,
404 3273 533 3362 sagittis
559 3278 707 3378 Apollinis
736 3289 770 3346 et
789 3277 914 3344 Dianae
931 3276 1118 3344 interfectus
1140 3289 1208 3359 est3
1244 3289 1280 3347 er

97 3360 184 3437 solta
204 3361 373 3429 damnatus
394 3372 444 3429 est
470 3360 556 3450 apud
582 3364 720 3442 rnleros,
740 3376 788 3448 gut
815 3362 878 3429 dno
905 3362 1061 3441 vultures,
1089 3362 1119 3430 ei
1140 3363 1280 3452 appositi

139 3460 172 3550 et
193 3449 252 3514 sibi
273 3445 503 3525 succedentes,
528 3448 623 3537 jecur
642 3450 722 3519 illins
749 3449 934 3532 comedent,
966 3470 1094 3539 semper
1121 3448 1164 3517 ad
1192 3446 1278 3519 redi-

139 3555 239 3603 nram
259 3555 428 3601 renascens
447 3555 592 3623 poenam.

532 3881 535 3897 Ι
571 3788 636 3869 ll.
689 3793 838 3871 Ixion.

225 3945 315 4014 Ision
340 3944 444 4033 Gigas
466 3941 572 4013 volens
592 3949 807 4018 concumbere
827 3968 901 4013 cum
922 3942 1059 4024 lunone,
1081 3939 1281 4031 oppositae}

97 4042 191 4106 ascet
212 4035 331 4115 nubes,
360 4054 433 4100 cum
455 4055 519 4120 qua
538 4054 606 4098 rern
628 4035 747 4103 habuit
789 4033 835 4101 Et
856 4054 954 4121 quum
975 4031 1061 4098 idem
1083 4029 1224 4120 jactaret
1242 4049 1282 4103 se

141 4119 231 4205 quasi
253 4117 295 4186 de
317 4116 467 4208 conjugio
488 4118 638 4200 lunonis,
660 4120 722 4186 hac
738 4120 814 4206 lege
836 4116 1005 4185 damnatus
1026 4126 1096 4194 est,
1117 4127 1153 4183 ut
1174 4123 1281 4183 rotam

124 4206 340 4292 ‘serpentibus
354 4207 636 4295 innexemsemper
650 4216 913 4276 contrementem
928 4202 1016 4295 apud
1031 4202 1150 4273 inseror
1167 4199 1280 4274 rolrct.
