2684 4606
362 188 548 313 natuogs.
574 210 647 287 ur.
701 208 739 285 1.
768 205 938 310 Ι7,--8,
992 206 994 210 ·
1141 172 1223 291 aaa

83 388 208 456 narras
228 390 389 457 Saturnus
411 374 504 459 aaa
534 391 665 461 arsuras
692 392 801 474 rarat„
840 393 908 461 aaa
934 388 1023 495 quaa
1051 391 1093 460 aa
1119 393 1253 463 imru-¹

83 475 204 543 tionem
225 477 414 545 curramiuis
436 477 563 545 falcium
584 480 680 547 etiam
702 492 849 568 tempora
869 499 976 547 omma
1001 478 1033 544 iu
1055 502 1092 545 se
1110 502 1224 546 recur-

82 573 167 628 runt.
223 562 297 637 Qua
331 574 365 631 et
399 563 469 653 ipsa
506 561 564 635 de,
583 586 682 632 causa
714 566 889 633 draconem
917 565 1164 633 flammivomum
1190 568 1224 632 in
1268 577 1275 591 ⁸

84 645 336 717 dextra·tenere
355 650 551 737 perhibetur.
593 650 703 717 Draco
724 652 809 720 euim
829 651 881 719 ille
911 672 1028 721 anuum
1060 651 1221 737 designat,

83 732 139 820 qui
162 733 245 800 beue
266 733 392 801 caudae
413 758 493 803 suae
513 736 622 804 ultima
650 735 801 816 devorat,
835 736 910 825 quia
940 758 1040 805 annus
1071 750 1105 805 et
1130 739 1164 803 iu
1184 748 1246 805 set

83 840 143 908 per
167 841 228 885 sua
248 821 383 907 vestigia
405 819 505 900 redit,
541 832 576 889 et
604 844 741 891 annuam
774 820 1003 897 fecunditatem
1023 833 1121 912 atque
1147 845 1225 912 pro·

85 915 217 971 neutum
239 907 378 971 omnium
400 905 534 975 devorat
554 907 695 995 frugum.
736 909 824 976 Hinc
843 920 878 976 et
897 906 998 977 draco
1016 909 1068 975 ille
1089 909 1224 978 flammi-

86 1011 197 1057 vomus
211 989 345 1073 dicitur,
365 989 400 1059 id
412 1004 462 1061 est
471 991 628 1061 devorans
641 994 756 1076 omnia,
778 995 861 1062 sicut
875 995 1004 1062 flamma
1014 1003 1130 1063 cuncta
1147 1018 1226 1063 con-

86 1077 190 1144 sumit
233 1077 319 1146 Sunt
345 1090 512 1168 praeterea
545 1080 601 1167 qui
610 1078 754 1162 uiant,
785 1082 959 1153 Saturnum
987 1081 1018 1147 iu
1048 1102 1225 1170 progressu

87 1161 167 1226 nihil·
190 1185 327 1247 nocere3
382 1186 457 1231 uum
487 1184 565 1231 vero
599 1166 812 1253 retrogradus
847 1179 917 1244 eat,
967 1188 1041 1233 esse
1075 1182 1268 1244 nocuumlo

86 1245 225 1336 ideoque
246 1272 320 1317 eum
341 1188 456 1317 idicem
478 1249 616 1332 habere,
647 1251 736 1356 quod
755 1264 789 1320 et
816 1252 885 1341 ipsa
912 1252 945 1316 iu
972 1252 1123 1342 propulsu
1150 1252 1225 1319 nihil

86 1332 187 1415 valet,
219 1349 305 1403 retro
326 1348 401 1427 acta
422 1356 516 1415 vero,
537 1336 687 1427 quicquid
709 1338 739 1407 oi
762 1337 956 1416 occurrerit,
979 1349 1077 1405 secat
1120 1338 1226 1427 Prop-

85 1431 176 1487 terea
186 1420 282 1489 etiam
291 1421 392 1490 velato
404 1420 509 1510 capite
519 1420 596 1490 dicit
607 1445 680 1490 eum
686 1440 766 1490 esse
778 1423 977 1510 Fuigentius,
991 1422 1078 1511 quod
1091 1422 1225 1506 fructus,
1269 1451 1272 1455 ¹

86 1527 168 1593 quos
191 1518 338 1593 tempora
358 1509 544 1598 proferunt,
580 1508 726 1576 l'olioruur
748 1521 903 1594 teguntur
922 1507 1119 1577 umbraculo.

173 1595 205 1659 7.
250 1594 383 1661 Habent
393 1616 522 1682 quoque
533 1592 669 1676 fabulae,
692 1595 740 1661 vel
753 1594 838 1663 huno
851 1595 950 1684 patris
963 1595 1012 1663 sui
1024 1593 1114 1660 Caeli
1128 1591 1269 1661 virilialt

88 1676 281 1760 abscidisse,
303 1692 337 1747 et
354 1680 496 1749 abscissa
522 1674 664 1747 inma're
675 1681 812 1772 jecisse,
831 1695 866 1750 et
891 1681 1088 1770 exipsorum
1110 1700 1228 1745 cruore
1268 1718 1271 1725 ·

89 1785 268 1852 spumaque
302 1766 398 1833 maris
429 1760 587 1834 Veherem
625 1780 731 1835 natam
765 1789 855 1846 osecg
895 1765 945 1832 vel
972 1768 1075 1868 ipsum
1111 1787 1131 1837 o
1161 1764 1227 1831 filio

89 1861 265 1917 castratum
288 1851 404 1932 fuisse,
436 1864 469 1919 et
492 1850 535 1917 de
554 1852 654 1940 ipsius
675 1852 783 1921 itidem
803 1851 956 1933 virilibus,
988 1876 1021 1917 ru
1043 1873 1132 1917 mare
1152 1851 1228 1917 mis-

88 1934 149 2006 sis,
180 1937 338 2003 Venerem
358 1937 549 2026 provenisse.
592 1939 646 2005 De
674 1939 736 2005 hac
764 1950 871 2005 tamen
896 1937 1077 2005 diversitate
1104 1935 1226 2029 nolobsi

87 2019 174 2087 idem
198 2023 367 2104 sentimus;
398 2022 598 2111 testiculique
619 2025 798 2092 utriuslibet
821 2024 953 2091 abscissi
983 2023 1105 2090 fructus
1132 2035 1271 2095 natu-so

89 2106 191 2186 rales,
219 2132 301 2196 quos
320 2109 684 2197 tempora'producuut,
718 2122 800 2178 teste
820 2109 1014 2197 Fulgentio,
1048 2107 1229 2194 designaut,
1323 2138 1326 2157 =

91 2192 146 2280 qui
166 2191 314 2261 videlicet
335 2207 368 2262 et
388 2218 408 2261 a
429 2196 603 2261 seminariis
625 2196 783 2285 prioribus
803 2210 879 2264 suut
898 2195 1017 2283 geniti,
1051 2207 1089 2263 et·
1104 2195 1163 2280 ipsi
1185 2192 1228 2260 ud

89 2300 190 2344 novos
211 2280 254 2347 de
275 2304 312 2346 sc
331 2279 506 2361 creandos,
536 2280 563 2347 si
584 2304 642 2349 suo
665 2281 762 2349 modo
788 2291 1027 2431 propapentur,
1060 2281 1127 2368 apti
1154 2302 1228 2345 nas-

91 2376 218 2433 cuntur.
260 2368 333 2433 Hos
361 2367 484 2437 fructus
506 2388 629 2435 messos
651 2379 685 2434 et
710 2360 880 2434 iuventtis
911 2388 1045 2433 acnuam
1066 2378 1228 2463 tamqnam

88 2451 122 2518 in
149 2474 240 2519 mare
269 2452 434 2523 demersos
462 2453 639 2533 Venerem,
674 2451 709 2519 id
742 2464 792 2522 est
816 2452 994 2531 libidinem,
1037 2473 1149 2516 creare
1171 2465 1269 2517 ne-tt

92 2560 184 2603 cesse
205 2548 265 2605 est.
306 2536 408 2605 Unde·
425 2539 582 2607 comicus:
624 2539 709 2604 Sine
737 2539 858 2605 Cerere
885 2549 920 2603 et
948 2536 1086 2602 Baccho
1107 2535 1230 2622 friget

95 2621 138 2690 V
132 2646 229 2688 carra.
270 2621 402 2714 Physici
421 2636 529 2692 tamen
550 2624 613 2690 hoc
633 2623 838 2693 ideo-fictum
863 2633 1028 2699 asserunt,
1062 2618 1150 2708 quod
1170 2620 1240 2686 nisi-

90 2706 207 2775 humor
229 2708 271 2773 de
293 2711 382 2776 caelo
410 2710 453 2777 ad
482 2722 599 2777 terram
622 2708 851 2786 descenderet,
890 2707 964 2775 nihil
987 2708 1115 2796 penitus
1138 2728 1230 2772 crea·
1329 2796 1331 2803 Ι

91 2804 189 2861 retur.
233 2795 281 2862 Ut
301 2796 384 2861 enim
404 2795 437 2872 in
458 2796 663 2885 sequentibus
686 2795 814 2870 audies,
835 2795 992 2861 Venerem
1014 2803 1130 2857 terrae
1149 2791 1229 2877 pul-

90 2877 331 2945 chritudinem
359 2880 481 2972 physici
510 2880 625 2949 uolunt.
691 2882 749 2949 Alii
778 2901 872 2955 vero,
903 2878 997 2969 ¹duod
1028 2876 1070 2943 de
1096 2877 1272 2945 viriliumoo

94 2985 213 3031 cruore
239 2978 274 3033 et
303 2968 399 3035 maris
429 2990 542 3057 spuma
570 2980 645 3046 nata
665 2967 707 3034 sit
726 2969 852 3047 Venus,
886 2964 970 3033 banc
991 2975 1157 3039 autumant
1176 2984 1229 3029 ra-

93 3049 224 3119 tionem.
277 3051 419 3132 Omnes,
455 3054 615 3143 inquiunt,
646 3054 728 3119 vires
762 3075 822 3120 usu
851 3074 990 3127 venereo
1019 3049 1230 3118 debilitantur.

94 3134 192 3203 Unde
219 3135 353 3225 fingitur
376 3139 484 3208 Venus
512 3150 587 3207 nata
620 3161 680 3227 per
710 3137 869 3206 damnum.
926 3136 982 3203 ·De
1010 3135 1090 3203 mari
1122 3145 1232 3202 autem
1299 3194 1302 3201 ,

93 3220 188 3302 ideo,
228 3223 317 3311 quod
348 3222 447 3294 tradit
477 3225 522 3315 ph
544 3225 628 3306 sica,
668 3223 820 3295 sudorem
853 3222 969 3290 salsum
1001 3244 1092 3302 esse,
1134 3241 1231 3308 quem

94 3329 224 3410 semper
244 3306 331 3378 elicit
351 3311 464 3380 coitus.
531 3309 595 3379 ude
612 3321 646 3379 et
663 3321 784 3402 myrtus
807 3311 838 3377 ei
858 3320 1045 3377 consecrata
1061 3316 1120 3386 est,
1141 3303 1273 3394 quodne

94 3391 240 3461 litonbus
272 3394 407 3483 gaudet
468 3396 599 3465 Addunt
634 3398 748 3476 etiam,
783 3395 858 3463 ideo
893 3418 964 3462 eam
996 3392 1159 3482 potissime
1190 3388 1232 3456 de

95 3502 210 3569 spuma
234 3495 357 3563 urtam,
388 3481 476 3572 quod
494 3483 631 3551 libidinis
653 3482 725 3549 volu
748 3494 798 3550 tas
818 3480 903 3549 velut
923 3503 1036 3569 spuma
1058 3479 1122 3545 cito
1143 3474 1232 3542 dele-

94 3576 166 3647 tur,
197 3578 231 3634 et
252 3566 402 3635 citissime
421 3571 637 3659 praeteriens,
663 3569 696 3639 ui
719 3569 727 3585 '
759 3568 819 3637 nisi
838 3566 1050 3659 poenitudinis
1071 3558 1265 3632 stimulum·

92 3650 128 3721 io
149 3652 346 3723 conscientia
367 3654 487 3722 dereliu
531 3656 565 3725 it

179 3740 211 3805 8.
254 3738 302 3807 Ut
321 3754 428 3809 autem
449 3740 491 3810 ad
523 3751 674 3829 ncepturu
694 3749 908 3819 revertamur,
936 3738 1094 3804 Saturnus
1116 3754 1289 3811 secun-eo

96 3822 174 3891 dum
197 3824 337 3893 sabulum
360 3850 458 3916 quum
480 3828 521 3897 sit
535 3849 641 3907 senex,
664 3850 759 3916 posse
772 3825 905 3911 tingitur
924 3823 993 3888 fieri
1013 3842 1103 3909 puer.
1116 3816 1234 3921 ‘Quod

96 3925 315 3979 commentum
337 3914 378 3979 ab
403 3915 469 3991 ¹bac
497 3937 534 3981 re
562 3912 667 3982 ortum
699 3914 815 3990 fertur,
847 3910 922 3999 quia
946 3921 1071 3996 tempus
1099 3902 1233 4006 singubs

95 3997 188 4064 aunis
220 4020 391 4065 senescere
418 3999 540 4081 hicme,
575 4013 608 4066 et
630 4022 706 4066 vere
726 3999 923 4064 revivescere
944 3993 1077 4061 videtur.
1118 3991 1233 4076 nagr-

94 4094 150 4153 tur
171 4083 269 4151 etiam
290 4085 389 4151 modo
417 4087 532 4155 lircieut
552 4086 674 4153 habere
700 4083 848 4151 draconis
877 4092 1008 4172 propter
1036 4075 1165 4226 triburis
1186 4074 1233 4140 ui-

95 4169 279 4249 nrietatem,
312 4193 399 4238 nuuc
428 4173 528 4239 rictus
557 4171 700 4239 leoninus
729 4182 859 4273 propter
887 4167 1016 4235 nimium
1044 4188 1080 4262 pa
1094 4184 1157 4227 orus
1179 4178 1273 4230 arr-4⁶

96 4267 202 4339 stum,
235 4258 439 4328 nuncetiam
468 4280 542 4327 cum
573 4258 690 4348 aprinis
712 4255 861 4326 denubus
883 4254 995 4325 cristas
1016 4257 1148 4338 propter
1170 4245 1233 4311 fre-
