2684 4606
1051 895 1076 980 Ι
1200 952 1224 979 .,

364 1055 605 1132 uonna
639 1147 640 1150 Ὺ
669 1056 1029 1134 cumcun

296 1180 343 1311 is
391 1243 788 1313 usnnoousrauu
839 1246 1108 1319 snoonoau.

88 1480 93 1488 ⁸
146 1490 420 1558 Prooemium.
464 1486 752 1660 Isidorhppiig.
775 1493 815 1572 8,
840 1492 899 1574 11,
922 1495 1024 1560 1-4
1050 1518 1084 1584 p.
1105 1456 1230 1566 270⁶«

294 1617 297 1630 ’
640 1617 677 1660 ιη
716 1618 784 1660 em.

120 1737 122 1740 ⁴
197 1716 382 1790 Prohoemipm
400 1716 496 1782 Mojus.
513 1746 558 1758 —
582 1720 599 1768 ³
627 1717 661 1782 ii)
683 1733 735 1770 om.
752 1718 814 1773 Isid.
831 1747 876 1759 —
900 1723 918 1771 5
944 1719 1012 1786 neg.
1042 1737 1105 1774 cum
1133 1722 1198 1775 uid.
1220 1740 1229 1773 ι

126 1788 203 1856 apud
218 1807 281 1841 suos
302 1798 365 1857 post
384 1807 417 1839 m.
438 1805 460 1839 c.
478 1789 560 1852 Seqq.
578 1795 668 1842 extant
691 1806 856 1856 quoqueap·
874 1790 1080 1847 Lactant.'lnst.
1112 1798 1149 1850 1,
1177 1799 1227 1850 15.

55 1900 57 1904 -
126 1867 154 1912 et
172 1863 198 1911 9.
215 1888 259 1900 --
277 1865 294 1912 6
312 1858 386 1912 Jovis
410 1859 472 1911 Isid.
497 1891 542 1902 --
568 1860 643 1926 apud
666 1861 782 1912 Latinos
804 1860 866 1912 Isid.
888 1890 932 1900 -
957 1868 974 1913 7
1000 1864 1153 1931 Quirinus)
1178 1866 1229 1918 Isia

125 1931 211 1982 addit:
226 1918 435 2000 eadernspoque
454 1930 529 1980 modo
547 1930 623 1996 apud
639 1931 710 1983 Aru.
729 1937 778 1984 eta.
797 1961 841 1972 --
858 1931 934 1998 apud
949 1934 1070 2003 Paphos
1083 1939 1125 1988 vet
1144 1937 1228 2004 Papia

39 1998 42 2003 ’
126 2002 202 2055 codd.
231 2003 294 2053 lsid.
317 2004 369 2040 -’
384 2003 497 2052 Lemnos
523 2001 586 2053 lsid.
611 2032 656 2044 -
678 2007 696 2052 9
722 2003 816 2053 Naxos
839 2002 900 2059 lsid.
917 2031 962 2042 -
979 2005 1065 2058 Delos
1089 2007 1155 2060 lstd.
1173 2039 1216 2051 --

94 2109 97 2117 .
124 2073 153 2124 in
171 2092 284 2144 quorum
299 2072 365 2124 isid.
382 2097 426 2109 -
444 2081 472 2120 er
489 2076 586 2139 poetae
605 2072 723 2125 Lindem.
742 2089 757 2125 e
783 2073 860 2125 codd.
878 2076 929 2126 Gu.
949 2079 974 2124 1.
992 2080 1019 2131 2.
1038 2105 1085 2117 —
1104 2082 1139 2130 11
1164 2078 1194 2130 in
1210 2097 1228 2131 a

119 2143 188 2213 llos).
223 2143 281 2196 Etsi
306 2145 386 2197 Lucr.
411 2142 510 2216 corios,
538 2150 565 2195 et
592 2142 692 2196 Ennius
716 2146 804 2197 coelus
829 2145 908 2209 dixit,
933 2144 983 2197 hoc
1007 2155 1096 2200 tamen
1125 2151 1186 2203 loco
1209 2167 1228 2203 a

123 2216 185 2268 lsid.
204 2216 256 2282 leg.
274 2214 304 2265 in
321 2215 421 2266 coelum
438 2233 499 2279 eos,
518 2215 588 2280 quod
605 2217 705 2268 scribae
724 2223 907 2277 contraxerunt
925 2218 950 2268 in
963 2219 1057 2272 coelos.
1068 2221 1228 2273 -susrulr

123 2287 215 2340 Isidos.
234 2288 319 2340 addit:
356 2287 428 2338 Nam
445 2285 613 2355 quorundam
631 2287 669 2336 ad
691 2287 855 2338 inventiones
878 2287 980 2347 artium
1005 2289 1112 2341 cultum
1133 2290 1228 2362 peperi

123 2358 267 2415 dicuntur,
297 2369 329 2409 ut
348 2356 511 2426 Aesculapio
530 2358 673 2420 medicina,
700 2358 821 2411 Vulcano
840 2356 963 2428 fabrica.
978 2387 1025 2429 7-
1061 2360 1108 2413 Ab
1127 2374 1185 2416 act.
1202 2371 1228 2417 et

123 2431 199 2482 Serv.
219 2430 251 2481 ud
278 2431 325 2485 Ae.
351 2433 384 2495 4,
407 2434 476 2493 698;
506 2429 565 2481 intr.
593 2432 629 2481 42
654 2435 681 2482 et
703 2430 757 2495 ΙΙΙ,
775 2434 807 2493 9,
826 2433 844 2499 1ἲ
862 2436 889 2482 et
906 2434 923 2480 3
942 2437 969 2482 ct
987 2449 1015 2498 p.
1034 2435 1103 2500 15³,
1124 2440 1152 2488 6.
1169 2470 1212 2480 .-

121 2510 150 2551 et
169 2501 278 2572 quidam
301 2501 353 2552 viri
372 2500 402 2569 f.
424 2501 487 2553 Isid.
513 2531 557 2542 -
585 2503 619 2552 14
642 2500 802 2567 simulacra)
824 2501 948 2569 Laetam.
975 2505 1007 2565 l,
1032 2507 1084 2569 15,
1108 2509 1136 2558 4.
1160 2540 1205 2550 ..-

123 2572 304 2640 contemplane
321 2573 416 2639 Majus.
435 2603 480 2615 —
498 2574 533 2624 16
552 2571 608 2622 Hic
634 2589 707 2622 error
732 2571 796 2636 etc.)
823 2572 869 2622 sed
887 2571 1026 2640 paulatim
1053 2575 1128 2628 hicne
1152 2565 1228 2630 erro‘rr

81 2635 86 2643 ’
121 2641 347 2711 persuadentibus
372 2641 543 2694 daemonibus
574 2643 616 2692 ita
632 2642 661 2690 in
675 2650 798 2710 posteros
821 2643 973 2710 irrepsisse,
999 2653 1031 2696 ut
1057 2654 1110 2698 etc.
1141 2650 1228 2705 Isid.r

121 2715 337 2780 honoraverunt,
355 2732 518 2766 successores
535 2712 597 2768 Isid.
616 2741 659 2751 -
678 2718 712 2764 18
730 2712 798 2780 Leg.
823 2714 1010 2765 existimarent
1035 2733 1096 2769 cunt
1123 2720 1185 2776 Isid.
1209 2721 1228 2773 E

121 2787 181 2838 dem
199 2787 315 2838 confusio
334 2791 358 2851 1,
376 2790 428 2836 218
446 2788 489 2837 fin·
508 2786 643 2836 observata
663 2789 711 2836 est·
728 2811 770 2821 -
806 2785 890 2835 Stoici
914 2785 1008 2836 dicunt
1033 2790 1105 2856 etc.)
1130 2794 1205 2848 Serv.
1227 2828 1228 2835 .

121 2861 266 2920 Ge.1,5.
287 2858 319 2912 cf.
339 2858 372 2908 ud
390 2860 480 2920 Aee,
499 2861 561 2911 638.
580 2888 623 2899 -
643 2860 676 2907 19
700 2855 860 2925 eandemque
888 2873 943 2906 esse
958 2867 1134 2924 potestatem,
1150 2883 1217 2933 quae

58 2950 61 2955 ·
121 2948 143 2980 r.
164 2927 210 2995 off.
230 2937 381 2978 nostrorum
399 2947 425 2981 v.
444 2946 470 2977 n.
496 2925 651 2994 appellatur
670 2927 692 2977 G
710 2927 748 2982 l),
777 2928 822 2992 qui
839 2936 867 2975 et
884 2937 995 2976 actuum
1014 2931 1148 2984 omittunt.
1167 2940 1228 2984 ...1

119 3001 222 3066 Deum)
240 2999 309 3049 unde
327 2999 400 3054 OD.
418 3029 462 3040 -
477 3002 512 3048 21
533 2997 607 3047 deam
624 2997 751 3064 eandem)
768 3015 819 3050 om.
846 2997 868 3048 C
886 3000 918 3050 D.
937 3024 980 3034 -
998 3001 1112 3052 eandem
1131 3008 1228 3056 Cereres

120 3087 172 3124 om.
192 3073 229 3137 1›;
247 3078 274 3123 et
292 3071 314 3122 C
332 3087 384 3125 om.
402 3068 510 3120 earrdern
527 3077 588 3122 ante
612 3072 737 3126 Cererem.
761 3099 805 3108 -
829 3073 866 3120 28
890 3071 1009 3121 Numina
1033 3078 1100 3139 etc.)
1127 3077 1204 3130 Serv.
1226 3099 1228 3123 a

119 3147 168 3200 Ae.
184 3147 217 3208 4,
237 3149 298 3196 638.
316 3173 359 3186 --

278 3294 314 3357 1.·
350 3287 790 3381 ctMythogr.1‚102.
819 3288 946 3370 111,1‚
974 3292 993 3356 1
1016 3315 1103 3382 sqq.

190 3417 215 3457 v.
234 3406 248 3452 1
269 3400 379 3472 quidam
395 3402 544 3451 Saturnum
563 3417 582 3449 a
599 3408 654 3451 sat.
672 3398 733 3462 etc.)
747 3397 836 3463 Fun.
855 3401 921 3463 1,2
948 3416 974 3465 p.
991 3403 1054 3452 627.
1072 3404 1154 3453 -2
1182 3414 1229 3452 ann

119 3477 221 3536 satur.)
240 3474 295 3524 cic.
314 3473 348 3526 de
375 3471 410 3524 N·
437 3473 470 3528 D.
488 3476 521 3536 3,
544 3475 588 3523 24.
618 3470 680 3525 lsid.
698 3475 731 3535 8,
750 3473 800 3534 11,
818 3473 863 3522 30.
880 3475 960 3522 -5
982 3469 1104 3541 frigid.)
1127 3475 1229 3527 Semi

45 3556 47 3563 '
120 3547 301 3615 Gp.1,336.
322 3577 368 3588 -
394 3549 411 3596 6
438 3543 503 3594 deus
529 3545 649 3611 tempor.)
675 3544 749 3593 Serv·
774 3540 808 3592 ad
836 3542 887 3592 Ge.
906 3543 939 3604 2,
959 3543 1021 3593 406.
1052 3571 1098 3586 ·-
1147 3548 1229 3612 Tempu

119 3626 211 3666 autem
229 3620 291 3679 etc.)
308 3617 386 3682 Futg.
405 3616 424 3667 1.
442 3616 460 3667 Ι.
478 3633 504 3684 p.
523 3619 584 3669 628.
602 3645 645 3656 -
662 3617 698 3664 22
719 3611 785 3662 Tria
812 3611 986 3680 cataneto.)
1015 3615 1092 3668 Serv.
1112 3615 1146 3667 ad
1167 3618 1214 3670 Ae.

119 3691 245 3739 133.’-’
259 3693 295 3740 21
313 3688 433 3756 Cerbero)
452 3686 519 3752 ch.
539 3683 690 3737 Tricerbero
708 3689 735 3736 et
752 3683 787 3736 cf.
805 3699 875 3751 supr.
894 3683 922 3749 Ι,
942 3688 995 3736 108
1017 3692 1044 3737 et
1073 3686 1135 3740 infr.
1155 3687 1226 3751 11‚1

118 3759 222 3824 111,6,
250 3763 302 3824 223
332 3756 435 3810 cerbero
453 3757 569 3828 trifauci
588 3757 617 3808 C.
636 3787 680 3798 -

100 3962 103 3967 .
210 3907 242 3970 2.
285 3907 395 3985 Serv.
429 3899 479 3969 ad
511 3903 720 3982 Ae.1‚47‚
754 3903 958 3992 mythogr.
980 3902 1045 3987 ΠΙ,
1069 3908 1108 3988 3,
1135 3912 1164 3976 1.

110 4055 132 4074 Ἰ,
188 4013 293 4067 Jovem¹
313 4021 345 4060 ut
362 4012 462 4081 ignem)
481 4008 558 4076 Fulg.
579 4014 604 4074 1,
621 4015 639 4060 2
658 4028 684 4077 p.
703 4014 772 4061 629:
792 4013 878 4065 “unde
896 4019 922 4063 et
940 4010 1006 4068 Zeis
1025 4016 1130 4067 Graece
1150 4017 1231 4068 dicitu:

118 4077 182 4138 Zet,-
206 4085 273 4133 enim
298 4083 400 4134 Graeca
426 4082 615 4146 significatione
639 4084 693 4133 sivo
727 4081 786 4133 vira
809 4084 862 4136 sive
892 4082 966 4134 calor
990 4086 1039 4137 dici
1067 4093 1172 4153 potest3
1204 4088 1231 4138 sii

117 4153 184 4217 quod
204 4155 264 4219 igne
282 4154 351 4204 vitali
377 4153 487 4204 animata
511 4155 594 4205 omma
619 4153 751 4211 dicantur.
777 4161 806 4205 ut
831 4154 979 4210 Heraclitus
1013 4157 1082 4221 solt,
1116 4160 1171 4212 sive
1190 4174 1231 4225 qut

47 4260 50 4266 ,
95 4222 160 4277 'noc
179 4228 334 4280 elementum
354 4223 472 4290 careat]
500 4224 532 4277 att
551 4226 664 4292 queml.
683 4225 717 4278 ct.
735 4227 847 4294 interppi
