2692 4606
218 153 231 255 ,ἰ
272 160 462 260 nryrnogr.
492 163 561 232 ιιι.
617 159 657 231 a.
712 154 910 253 ra-rs
1088 152 1170 231 am

27 361 64 415 et
84 346 244 499 llnpboms
280 346 514 434 amplectuntur
545 363 681 429 terram3
714 346 865 434 superius
889 365 964 419 vero
990 345 1171 433 pubescunt

25 457 59 500 m
113 456 149 498 er
174 457 256 499 as.-

115 519 165 584 13.
210 518 328 584 Cancri
343 515 544 604 significatio,
566 517 597 581 in
619 540 684 602 quo
702 529 776 604 post
792 516 946 583 Geminos
966 514 1026 580 erit
1047 514 1111 596 sol,
1135 516 1169 581 in

25 603 198 692 propatulo
223 615 288 685 est;
325 606 400 690 quia
431 604 514 668 sicut
547 602 581 667 id
626 625 720 668 renus
756 602 869 683 animal
891 601 989 667 versis
1025 602 1103 668 vesti
1130 602 1168 669 'is

26 701 118 756 retro
139 687 279 770 incedit,
311 689 357 754 ita
378 688 427 754 sol
455 709 553 776 quum
585 710 603 751 a
660 690 723 754 boc
752 689 873 754 venerit
904 688 1049 788 signum,
1087 623 1195 757 oldas

26 774 187 842 scandere
222 797 286 840 non
322 773 447 851 volens,
482 771 634 860 inferiora
660 774 777 861 repetit
835 770 980 843 solstiuo
994 773 1026 837 in
1079 785 1171 842 uarto

29 860 99 950 ejus
130 858 254 948 gradu,
292 857 327 925 id
348 870 398 927 est
418 857 483 925 XII
514 857 717 925 calendarum
737 823 893 925 Juliarum
922 858 975 925 die
997 796 1170 928 celdbrato.

29 948 180 1033 Sequens
202 946 330 1033 signum
350 944 472 1011 Leonis
495 943 606 1010 dicunt
627 947 669 1011 ob
698 944 778 1011 illius
807 945 940 1024 mensis,
978 943 1012 1010 id
1035 956 1084 1012 est
1105 953 1171 1014 Au·
1244 1012 1247 1021 ,
1283 956 1286 968 ’

28 1032 139 1118 gusti,
175 1029 438 1098 ferventissimum
473 1040 616 1118 tempus,
655 1031 730 1134 quia
758 1031 873 1098 ceteris
902 1030 1087 1098 animalibus
1118 1032 1184 1119 leo¹
1252 1062 1259 1075 ·

31 1116 142 1183 calore
186 1129 327 1183 raestare
348 1115 484 1195 dicitur;
505 1115 593 1182 unde
614 1127 646 1182 et
666 1108 953 1203 importabilisirae
972 1127 1030 1212 est
1073 1118 1213 1185 'Panem
1272 1152 1282 1175 τ

30 1204 128 1271 etiam
174 1204 220 1268 ies
242 1201 406 1288 incipiunt,
428 1223 509 1289 quos
531 1225 552 1267 a
573 1201 748 1268 Caniculae
768 1202 914 1271 violentia
931 1214 1009 1269 tunc
1024 1205 1171 1284 maxime,

31 1301 68 1354 ut
89 1299 219 1376 putant,
255 1288 402 1374 rigente,
435 1284 630 1352 caniculares
652 1287 779 1369 dicunt,
811 1287 980 1376 inquibus
1012 1309 1074 1352 nec
1097 1312 1171 1355 san·
1277 1294 1288 1311 ¹

32 1373 165 1460 guinem
195 1372 311 1451 minui,
345 1394 407 1438 nec
431 1371 613 1460 potionibus
656 1385 765 1461 ropter
785 1373 923 1439 calorem
952 1372 1118 1460 temporis
1138 1386 1172 1444 et

30 1469 172 1538 motum,
215 1470 252 1525 ut
281 1457 409 1535 dicunt,
443 1458 608 1543 sanguinis
634 1395 796 1546 licettuti.
857 1457 952 1544 Unde
979 1472 1044 1524 est:
1099 1458 1170 1525 Sub
1244 1452 1251 1481 ⁸

17 1544 127 1610 ‘Cane
151 1554 185 1607 et
205 1553 289 1607 oete
312 1544 439 1609 Canem
459 1543 624 1606 molestae
640 1554 727 1611 ¹stant
744 1545 990 1630 purgationes·
1042 1542 1211 1613 Deinders

30 1627 81 1715 pol
103 1628 230 1714 signum
253 1627 365 1709 intrat,
388 1625 476 1728 quod
497 1627 600 1713 Virgo
621 1626 752 1708 dicitnr,
773 1650 855 1714 quae
878 1639 911 1694 et
931 1627 1052 1719 spicam
1074 1649 1171 1709 manu

30 1727 145 1781 tenens
167 1713 318 1801 pingitur.
375 1713 468 1778 Sicut
497 1713 579 1777 enim
608 1714 725 1778 nullum
758 1713 898 1779 fructum
932 1713 1032 1800 Virgo
1053 1712 1170 1796 reddit,

31 1800 82 1866 sic
114 1811 201 1866 terra
227 1798 410 1886 germinare
432 1797 500 1887 jam
532 1797 656 1865 desinit.
711 1798 757 1867 Et
792 1799 878 1886 apud
912 1799 1027 1865 multos
1063 1822 1171 1901 seges,

56 1907 120 1950 uae
155 1885 243 1972 prius
264 1884 433 1970 surgebat
466 1883 498 1948 in
531 1884 647 1957 herba,
687 1884 756 1974 jam
790 1882 975 1952 maturescit
1005 1885 1036 1949 in
1072 1908 1169 1972 spica.

31 1909 151 2045 lsibra,
195 1993 279 2058 quae
316 1971 347 2035 in
388 1969 527 2036 trutinae
562 1968 703 2064 elligi'em
742 1969 922 2036 del'orrnata
954 1980 1022 2045 est,
1062 1971 1213 2058 aequi-to
1300 2016 1305 2024 -

31 2055 204 2122 noctialem
227 2056 343 2121 mensis
364 2053 443 2120 illius
462 2055 671 2157 parilitatem,
711 2053 744 2120 id
768 2066 818 2121 est
839 2057 1055 2145 Septembris,
1086 2079 1171 2144 quae

31 2141 83 2206 111
106 2140 312 2207 calendarum
334 2142 525 2207 Octobrrum
548 2140 601 2205 die
622 2141 675 2212 lit,
706 2139 863 2225 designat.
916 2140 997 2208 Post
1016 2143 1100 2208 Scor
1121 2144 1170 2210 ius

30 2225 197 2314 sequitur,
220 2249 313 2314 quom
335 2224 537 2292 subtilissimo
557 2224 681 2292 caudae
710 2227 822 2292 aculeo
874 2167 1170 2312 ungere‘t'nbulbn-
1290 2284 1292 2291 .

30 2325 102 2391 tur,
141 2311 228 2401 quod
243 2322 330 2413 ‘post
356 2310 538 2377 autumnale
565 2312 800 2400 aequinoctium
853 2312 970 2398 rigoris
1008 2313 1169 2382 molestias

29 2401 153 2465 instare
173 2411 333 2465 sentimus.
377 2394 473 2462 Unde
491 2409 556 2464 est:
1173 2414 1211 2467 26
1329 2448 1330 2463 ,

118 2483 306 2549 Matutine
323 2493 454 2568 parum
473 2492 603 2547 cantos·
616 2504 709 2546 nunc
721 2478 872 2568 frigora
887 2482 1056 2552 mordent.
1258 2553 1269 2571 Ι

30 2566 164 2636 Deinde
202 2566 396 2654 Sagittarius
437 2564 537 2634 solem
578 2567 731 2667 recipit,
747 2567 822 2654 quia
858 2567 959 2636 biems
991 2567 1169 2721 grandines

31 2666 66 2722 et
104 2665 311 2741 tempestates
348 2663 511 2740 tamquam
547 2654 681 2741 sagittas
717 2674 785 2740 Jam
825 2652 928 2721 mittit.
1024 2667 1169 2723 caeterea

33 2740 232 2827 Sagittarius
252 2740 286 2805 in
308 2738 443 2804 formam
465 2740 637 2804 humanam
659 2738 798 2804 anterius
820 2740 971 2826 erigitur,
1007 2743 1168 2829 posterius

30 2826 64 2890 in
86 2825 254 2914 pecualem
274 2823 486 2905 submittitur,
515 2823 717 2910 significans,
749 2822 851 2890 solem
876 2835 954 2891 tunc
974 2828 1126 2916 temporis
1148 2849 1211 2900 aaa

31 2911 190 3000 supremis
210 2907 253 2976 ad
273 2909 426 2980 inferiora
444 2908 622 2976 detrusum.
674 2907 771 2982 Quod
791 2910 822 2973 in
853 2912 1053 2999 Capricorno
1083 2937 1169 3002 mys-

30 2997 133 3065 ticum
161 2995 349 3083 requiritur,
391 2994 491 3061 oculis
524 2996 620 3063 etiam
652 2993 897 3083 deprehendere
927 2998 1082 3085 perfacile
1109 3011 1169 3067 est.

13 3078 176 3170 ¹Capram
198 3081 282 3146 enirn
302 3082 334 3147 in
356 3078 520 3167 pascendo
542 3083 584 3147 ab
609 3080 679 3146 imis
709 3102 836 3168 semper
864 3082 928 3148 slta
955 3094 1068 3171 petere
1119 3085 1168 3153 uis

30 3167 177 3236 nesciat‘.l
220 3166 276 3234 Sic
297 3177 330 3233 et
351 3165 478 3266 signum
495 3165 559 3231 boc
580 3166 679 3232 solem
702 3166 793 3232 nobis
815 3168 857 3234 ab
886 3167 995 3236 inferis
1022 3171 1106 3257 parti
1130 3194 1168 3237 us

29 3251 74 3321 ad
94 3251 263 3343 superiora
280 3251 429 3339 remittit,
461 3264 624 3319 transacto
643 3252 675 3316 in
697 3250 742 3315 1v
765 3250 884 3318 vellii
905 3253 1031 3341 gradu,
1062 3255 1095 3321 id
1117 3269 1209 3327 estas
1273 3270 1276 3285 '

29 3338 96 3406 XlI
118 3337 323 3405 calendarum
342 3333 565 3404 Ianuariarum
594 3337 647 3403 die
676 3335 809 3404 solstitio
840 3339 990 3425 brumali,
1023 3340 1107 3409 sicut
1134 3343 1168 3408 in

30 3425 162 3492 Cancro
184 3423 341 3504 aestivali;
371 3421 458 3487 unde
486 3434 521 3490 et
549 3422 614 3490 boc
644 3423 773 3510 signum
802 3435 836 3491 et
860 3423 937 3501 illud
958 3437 1008 3493 tro
1032 3427 1101 3507 ica,
1132 3426 1167 3494 id

28 3521 81 3578 est
97 3498 301 3577 conversiva
320 3531 341 3575 a
362 3508 492 3575 Graeco
512 3502 648 3592 τρόπος,
668 3506 702 3574 id
724 3520 774 3576 est
794 3508 986 3590 consessio,
1005 3450 1168 3596 dicuntur,

27 3593 366 3748 sturmus
385 3593 935 3747 trrrtmtttr‘ntr
964 3597 1208 3754 terna,

28 3766 97 3835 duo
122 3766 218 3851 signa
237 3762 417 3865 philosophi
428 3703 549 3853 Ιἷιῖιῃηιιι
569 3765 643 3833 solis
657 3789 698 3853 ap
720 3731 903 3848 elladerant,
926 3769 1000 3855 quia
1020 3770 1052 3836 in
1075 3784 1165 3839 utro·

26 3851 262 3942 qssobviante
281 3849 416 3917 solstitio
437 3853 520 3920 ulna
541 3851 611 3940 ejus
631 3790 840 3939 probibeatur
868 3874 1029 3922 accessus.
1081 3857 1165 3924 Pos-

25 3953 131 4007 trema
150 4002 153 4007 .
169 3934 294 4004 aodiaei
331 3937 357 4002 s‘
385 3957 443 4016 na,
483 3936 641 4026 Aquarius
673 3950 707 4006 et
737 3936 870 4018 Preces,
905 3940 948 4005 ob
982 3942 1164 4012 imbriferos

24 4037 352 4175 mmfflsupqpplpe
368 4034 488 4208 ddffltelae
521 4127 653 4173 corvum
685 4104 841 4196 deputant
873 4107 923 4175 rel
954 4109 1043 4198 qnod
1075 4112 1203 4183 salusa

23 4191 206 4266 secundans
223 4191 434 4281 Fulgenunm
465 4203 578 4263 contra
598 4213 707 4262 raum
734 4205 882 4263 naturam
909 4193 943 4263 in
963 4196 1075 4266 mediis
1097 4199 1162 4266 ter-
