2684 4606
335 147 625 275 resumo.
679 144 934 265 resarta.
1105 108 1108 115 ’
1175 175 1233 269 ua

421 424 425 431 .
480 352 573 433 169.
633 356 849 459 Sphinx.¹

60 530 63 536 ,
176 484 301 576 Sphinx
322 476 485 575 quoddam
506 494 682 553 monstrum
706 486 829 568 suerat,
857 485 944 576 quod
965 489 996 553 iu
1021 487 1154 579 scopulo
1179 508 1230 556 re-

90 568 200 641 sidens
219 572 496 662 praetercuntibus
517 570 682 660 problema
724 571 888 661 roposuit,
912 583 946 641 et
965 572 1153 663 persolvere
1166 597 1230 645 non

66 700 69 706 ·
91 656 232 725 valentes
264 658 425 745 unguibus
454 669 488 727 et
502 656 665 731 ,dentibus
697 594 884 749 dilaniavit*
906 656 957 727 ad
977 659 1065 748 quod
1084 660 1230 753 Oedipus

47 820 52 831 Ι
90 744 238 827 veniens,
265 744 435 835 problema¹
448 743 517 834 ejus
540 742 706 827 enodavit,
736 755 770 813 et
791 744 894 833 ipsum
916 744 1043 839 occidit.
1137 818 1140 823 ,
1173 806 1204 837 -:-
1236 766 1255 817 o

301 994 315 1011 .,
375 926 472 1005 170.
525 926 742 1007 Ata-acies
773 958 965 1033 magus..

173 1053 320 1158 Atracias
341 1053 402 1123 luit
420 1055 610 1158 Thessaliae
627 1070 723 1159 pater
744 1070 778 1141 et
795 1059 1015 1151 Hypocatiae,
1029 1078 1136 1149 *quam
1149 1055 1232 1123 Piri-

89 1140 187 1211 thous
209 1138 300 1209 dunt
317 1163 460 1212 uxorem.
501 1142 569 1213 mc
588 1166 708 1235 pnnrus
729 1154 833 1237 artem
849 1146 1011 1235 magicam
1021 1144 1113 1245 ,apud
1123 1142 1233 1213 'l'hra-

88 1251 146 1297 ces
174 1225 347 1297 combula

103 1402 109 1409 ”
213 1391 259 1399 ”
349 1390 441 1473 171.
493 1394 746 1501 Lycormas
779 1372 974 1503 flarius.
1233 1384 1277 1470 'ro

46 1602 49 1608 Ι
174 1522 208 1591 L
230 1542 357 1590 cormas
386 1521 517 1627 quidam
538 1525 671 1603 fluvius,
722 1526 811 1596 uiet
831 1525 964 1595 Ereuus
985 1522 1119 1628 dicituf,
1141 1520 1236 1626 juxta
1290 1606 1304 1623 Γ

64 1609 685 1776 tt'cttltfflltltttl.
720 1610 845 1775 “itit
860 1634 934 1787 {52¹2
951 1632 1049 1762 {1⁰:32¹
1077 1608 1235 1785 istil?

64 1869 67 1875 Ι
88 1780 168 1849 dam
187 1780 330 1849 tunicam
342 1780 470 1863 induit,
491 1804 609 1851 cruore
627 1782 731 1855 Nessi
745 1784 907 1853 Centauri.
922 1793 1127 1884 perunctam,
1147 1779 1235 1850 unda

88 1868 163 1958 ipse
182 1888 356 1958 perpessus
376 1880 429 1937 est
443 1867 640 1938 intolerabile
658 1869 841 1939 incendium
864 1889 1018 1959 corpons.
1157 1930 1161 1935 .
1242 1881 1277 1933 to
1327 1888 1331 1899 ·

372 2040 376 2047 ¹
499 2054 595 2133 tta.
647 2056 835 2136 Minos.

89 2214 96 2225 ·
173 2182 282 2267 Minos
302 2182 485 2267 Cretensis,
505 2184 558 2253 cni
579 2185 622 2253 ad
642 2186 778 2275 gloriam
799 2199 833 2256 et
852 2184 981 2277 titulum
999 2182 1071 2255 sola'
1087 2182 1238 2255 natalium

88 2270 260 2339 sufficeret
284 2267 428 2352 claritas,
459 2271 575 2351 mentis
602 2271 788 2363 placiditate
813 2274 944 2355 meruit,
982 2285 1018 2341 ut
1048 2271 1146 2339 illum>
1162 2271 1235 2359 plus

90 2357 258 2437 moribus,
311 2376 407 2443 quarn
446 2357 578 2443 generis
632 2360 824 2428 auctoritate
876 2361 1031 2427 mirentur
1081 2358 1234 2425 homines.

60 2443 172 2513 ‚Fuit
192 2440 278 2509 enim
299 2461 358 2508 ren
379 2443 501 2511 Creme
519 2443 566 2513 ita
586 2443 650 2512 rita
671 2444 828 2525 clemens,
845 2454 899 2525 ut,
929 2442 1016 2534 quod
1038 2455 1090 2511 est
1110 2444 1279 2523 mirum,au

117 2528 278 2599 auderent
296 2548 373 2596 eum
393 2526 575 2608 dominum,
602 2530 719 2619 quibus
740 2530 937 2620 imperabat,
964 2530 1122 2598 habuisse.
1168 2528 1237 2596 De-

90 2551 225 2684 lunctns
248 2610 382 2696 deinde,
409 2626 563 2704 qnantum
582 2615 796 2685 mansuetudo
816 2625 996 2698 mereator,
1017 2614 1138 2704 patuit;
1174 2634 1237 2681 nec

88 2701 162 2769 lato
190 2698 322 2791 quidem
339 2700 464 2768 bonore
479 2703 620 2793 privatus
640 2714 692 2775 est
710 2703 796 2771 Nam
818 2700 933 2770 dicitur
954 2699 1042 2790 apud
1063 2722 1173 2769 manes
1193 2697 1238 2766 de

43 2835 63 2861 .·
87 2806 246 2878 supremo
265 2786 354 2854 exitu
369 2786 519 2878 judicare
538 2788 728 2859 mortalium.
768 2788 903 2858 Veteres
924 2788 1009 2856 enim
1030 2787 1170 2869 Gracci,
1199 2794 1238 2853 ut

89 2873 208 2965 impios
240 2871 452 2963 crudelesque
501 2897 600 2944 oenas
627 2875 714 2966 apud
740 2874 861 2943 inleros
888 2873 994 2959 luere,
1032 2873 1082 2942 sic
1100 2875 1278 2949 {bouumaa

113 2980 258 3048 nemque
294 2956 447 3048 adeptum
524 2983 587 3029 nac
613 2961 696 3032 ritae
726 2962 868 3052 praemia
896 2971 1135 3049 postmortem
1163 2981 1237 3027 esse

45 3078 48 3089 ·
114 3046 255 3115 'xerunt
294 3043 394 3121 Quod
416 3046 564 3117 bonitatis
586 3059 636 3118 est
657 3048 854 3137 exemplum,
885 3047 960 3135 quia
987 3046 1094 3115 Minos
1114 3067 1152 3114 se
1171 3066 1237 3111 non

91 3142 130 3201 ut
148 3153 268 3285 “laem
287 3142 347 3199 aut
363 3142 545 3223 tyrannum,
565 3131 624 3203 sed
643 3144 807 3226 nmquam
828 3155 927 3203 unum
948 3132 1052 3221 gessit
1068 3130 1111 3201 da
1124 3131 1238 3223 plebe;

93 3239 180 3309 quae
226 3239 266 3287 us
283 3240 408 3287 summa
429 3232 488 3315 cst.

180 3390 184 3397 ’
318 3458 321 3463 .
391 3386 487 3467 175.
540 3390 933 3467 Diana'l’nurien.
1240 3406 1280 3461 ao

59 3536 64 3542 '
85 3514 89 3521 ’
110 3552 114 3567 ·
181 3514 292 3587 Diana
310 3516 472 3602 Taurica,
493 3540 589 3624 quarn
610 3502 746 3588 Orestes
768 3516 811 3586 de
831 3516 966 3609 Scythia
985 3511 1153 3591 transtulit,
1175 3508 1239 3580 bu·

95 3624 193 3676 mano
215 3605 374 3693 sanguine
394 3604 514 3695 placsn
534 3618 752 3675 consueverat
795 3605 898 3695 Cujus
914 3624 1012 3692 quum
1033 3599 1238 3669 simulacrum

93 3693 130 3761 in
154 3692 336 3761 buconiam
362 3688 504 3761 delatum
533 3704 635 3777 esset,
669 3714 711 3761 ne
744 3688 833 3781 quod
865 3689 1029 3779 piaculum
1051 3695 1239 3754 nasceretur

69 3776 330 3847 intermissione
350 3778 433 3847 soliti
454 3778 621 3862 sacrificii,
648 3802 730 3847 nere
751 3775 933 3845 crudelitati
955 3776 1114 3841 Graeciae
1135 3795 1238 3862 popu·

94 3863 147 3933 lus
174 3863 342 3953 obediret,
370 3864 531 3933 inventum
561 3876 630 3947 est,
656 3876 693 3933 ut
718 3866 800 3933 inter
825 3885 861 3930 se
881 3862 1062 3952 impuberes
1083 3860 1175 3950 pueri
1196 3856 1279 3927 deuo

95 3949 295 4023 sustinendis
324 3952 510 4021 verberibus
540 3952 788 4032 contenderent,
816 3971 857 4015 ac
883 3971 920 4014 se
944 3949 977 4014 in
1005 3947 1067 4014 bac
1087 3944 1242 4035 patientia

96 4050 324 4131 provocarent
367 4036 414 4106 Et
438 4059 537 4129 super
560 4061 648 4109 aram
669 4039 796 4106 Dianae
813 4032 952 4127 impositi
973 4033 1108 4123 flagellis
1130 4032 1242 4101 rerba-

82 4126 256 4196 -tabantnr
275 4135 341 4194 tam
363 4122 435 4204 diu,
456 4123 561 4193 donec
578 4147 622 4209 ‚en
644 4126 783 4197 bumana
804 4140 941 4210 corpore
961 4120 1095 4211 sanguis
1116 4121 1252 4196 flueret„

100 4214 156 4301 qui
175 4214 278 4284 instar
301 4210 449 4281 sacrificii
469 4218 564 4281 esset.
