2692 4606
150 154 208 231 ro
465 154 648 257 nubo·
675 154 709 227 1.
765 152 858 231 rou.
885 150 978 229 rur.

149 343 286 423 tionem,
301 335 368 409 silis
393 363 453 432 pro
504 340 625 409 reemio
646 340 792 429 poposcit
813 336 959 408 oruutum'
981 358 1131 406 munuum
1152 337 1313 408 sinistre·-

148 450 239 521 rum,
270 426 304 494 id
335 438 385 497 est
409 364 554 497 erudas.
597 426 702 495 Facto
723 426 832 516 itaque
852 425 1031 515 proditione
1050 424 1156 503 ercis,¹
1184 424 1293 493 hostes

149 510 317 603 ingeniose
339 524 443 582 morte
471 512 629 602 promisse
654 511 824 589 solverunt
865 512 951 578 Nem
972 521 1084 591 scuta,
1112 510 1146 577 id
1175 521 1227 578 est
1251 511 1293 577 si-

150 600 323 667 nistruium
341 611 507 680 ornatum,
529 619 627 687 super
647 596 732 665 illum
747 597 923 689 jucieutes,
946 620 1016 665 eum
1035 596 1107 663 luce
1120 596 1294 685 privarunt

126 685 251 765 suum
271 684 333 754 iilic
354 683 498 775 sepulto,
527 682 690 773 'l'erpejee
709 684 780 753 sedi
804 706 919 753 nomen
937 682 1097 774 imposuit.
1191 696 1195 705 '

457 899 551 978 rue.
604 850 749 981 urire
786 915 830 980 es
863 902 978 978 run.

235 1030 363 1116 Niobe,
390 1032 519 1102 'l'euteli
537 1032 620 1137 tilia,
646 1054 728 1101 uxor
746 1031 948 1137 Amphionis.
978 1024 1148 1180 οκβίρζίο
1168 1020 1298 1129 ζιγᾶἰρσ

25 1213 75 1313 s
148 1128 352 1275 gffiliiuae
379 1142 419 1187 ex
446 1117 624 1210 Amphroue
650 1118 716 1189 VII
739 1117 823 1187 filios
858 1129 892 1186 et
912 1115 975 1184 vll
995 1114 1074 1182 tibus
1117 1113 1225 1187 uburt,
1261 1109 1297 1177 rd

294 1227 460 1294 ,quorum
482 1206 612 1275 nomino
630 1216 707 1273 sunt
727 1202 829 1273 hoec:
850 1202 1076 1283 Archemorus,
1098 1202 1297 1287 dntugorus,

1064 1286 1167 1353 mitus
1209 1282 1296 1349 Item

106 1290 325 1371 lo'Psotelus,
356 1289 572 1373 Phaedimus,
600 1289 748 1380 Sipylus,
772 1289 982 1369 Xenarchus,
1011 1289 1041 1355 Ε

147 1377 247 1480 fiiiee:
274 1378 471 1467 Astycrutia,
491 1376 644 1467 Pelopia,
666 1376 814 1480 Cblupis,
834 1311 1184 1477 Gleodoxe,·i)gime,.
1204 1367 1295 1473 pne-
1329 1398 1333 1412 ·

147 1460 406 1617 britto
425 1465 573 1614 iiiiii
591 1476 945 1640 ,ttt‘ttttffttt
962 1454 1294 1637 adimam

142 1634 379 1723 pignore-seu
392 1631 538 1720 foedere
558 1634 674 1718 viget,
719 1643 828 1698 nauto
854 1633 1012 1718 magice
1039 1627 1192 1715 octigna
1212 1646 1300 1701 sum

105 1718 388 1799 memoratione,
416 1739 514 1809 ‚quae
551 1717 658 1786 XIV
723 1717 790 1783 lios
818 1716 949 1807 genui!
997 1653 1039 1781 ab
1075 1711 1220 1801 Apolline
1257 1718 1292 1775 et
1326 1737 1331 1744 ·

147 1803 271 1885 Diana,
293 1825 378 1892 quse
398 1814 432 1872 et
451 1802 580 1878 Trivia,
609 1802 734 1890 sagittis
754 1804 826 1892 ipse
848 1812 882 1871 et
900 1802 1032 1869 meritus
1054 1814 1087 1868 et
1107 1820 1218 1867 omnes
1238 1794 1293 1863 filii

147 1903 222 1958 suut
242 1889 413 1957 interfecti.
455 1886 553 1954 Unde
572 1886 749 1956 Juvenuiis:

234 1975 370 2050 Parce,
388 1993 530 2061 precor,
550 1974 694 2053 Paean,
727 1983 763 2040 et
783 1984 824 2038 tu
845 1971 974 2061 depone
995 1972 1173 2059 sagittus,-

233 2057 305 2125 Ntt
321 2057 427 2146 pueri
440 2054 607 2143 fuciunt,
638 2057 754 2145 ipsam
773 2053 941 2146 configite
960 2062 1133 2121 matrem!

103 2180 142 2228 ῃ
233 2143 412 2235 Amphion
434 2141 586 2229 clumut3
618 2143 680 2209 ced
702 2143 826 2211 Paean
844 2140 1022 2209 contrabit
1042 2162 1179 2208 arcum.

131 2306 133 2313 A
205 2328 210 2340 ¹
332 2302 340 2312 λ
396 2356 491 2435 157.
544 2356 763 2439 Acrisius
797 2372 841 2438 et
869 2361 1036 2437 nanas.

232 2485 394 2568 Acrisius,
428 2510 484 2556 rex
514 2489 726 2579 Argivorum,
756 2490 851 2558 filium
875 2488 1002 2556 nominc
1023 2488 1158 2556 Deuade
1180 2483 1293 2553 hebuit

148 2574 248 2642 mirae
277 2573 464 2661 elegantius.
510 2574 564 2643 Ex
592 2578 690 2668 cujns'
708 2576 800 2666 prole
828 2596 925 2665 quum
954 2596 991 2642 se
1022 2572 1154 2642 oraculo
1174 2572 1291 2662 perire

24 2718 27 2723 .
150 2683 246 2747 posse
268 2660 491 2746 cognovisset,
516 2683 649 2731 aeneam
664 2662 780 2749 ¹turrim
801 2660 896 2743 fecit,
927 2673 960 2730 ct
979 2661 1075 2728 tiliam
1096 2680 1190 2728 suurn-
1206 2657 1293 2726 intra

107 2744 281 2825 ssciuusit,
319 2747 441 2813 crebris
472 2747 614 2815 excubiis
648 2771 720 2817 uem
749 2748 902 2817 custodiri
936 2746 1144 2838 praecipiens.
1190 2744 1295 2811 unns

146 2832 182 2898 in
210 2852 343 2897 aureum
370 2831 520 2921 Juppiter.
542 2833 676 2902 imbrem
706 2847 861 2917 mutatus,
899 2856 973 2902 cum
992 2832 1043 2901 ='ee
1070 2855 1138 2900 rem
1166 2828 1310 2909 babuit·

149 2938 209 3069 per
235 2928 355 2986 tectum
383 2917 531 3008 delapsus
559 2920 591 2984 in
612 2922 770 3009 gremium
792 2923 837 2988 uir
862 2921 929 2987 inis.
971 2920 1023 2987 Er
1067 2942 1108 2985 uo
1130 2916 1294 2985 connubio

144 3078 147 3085 Ι
181 3026 291 3071 erseus
313 3002 430 3071 dicitur
452 3027 526 3072 esse
549 3018 651 3075 nutus.
696 3008 799 3077 Unde:
814 3054 820 3085 ·.
848 3006 1010 3087 erectius:
1082 3027 1159 3070 eum
1188 3000 1294 3067 clan-

150 3088 268 3155 culum
297 3088 431 3155 venisse
450 3112 515 3179 per
543 3091 775 3181 impluvium,-
803 3092 948 3185 jactum
983 3086 1294 3175 ¹fucttrrtrnrtlt'eri.

108 3172 231 3241 uoldeo
260 3185 366 3242 autern
398 3174 430 3240 in
459 3174 594 3244 surdum·
614 3178 747 3247 imbrem
772 3188 912 3246 mutatus
933 3176 1066 3257 dicitur,
1101 3174 1175 3265 quie
1207 3192 1292 3238 euro

152 3259 303 3329 custodes
324 3260 477 3350 corrupit,
499 3264 600 3331 etsie
621 3288 694 3333 cum
716 3289 756 3334 eu
777 3262 935 3353 cubitdrit
966 3263 1072 3338 Quum
1088 3257 1308 3352 peteripsius·

151 3369 223 3414 eum
243 3344 409 3436 grauidam
430 3364 503 3415 esse
524 3351 746 3440 comperisset,
777 3350 848 3419 nari
869 3350 1036 3440 imposuit,
1057 3361 1094 3415 ut
1115 3348 1193 3427 iret,
1222 3364 1292 3434 quo

154 3433 222 3500 fors
248 3433 379 3501 tulisset.
401 3432 566 3503 Deorum
595 3449 702 3505 eutem
729 3435 932 3505 miseratione
955 3434 997 3502 ed
1019 3433 1091 3503 locu
1110 3445 1199 3508 tutu,
1226 3430 1296 3496 sci-

149 3517 226 3586 licet
244 3518 287 3587 ed
302 3517 456 3601 tntum,
490 3519 613 3603 delata,
645 3524 772 3591 invente
794 3534 844 3590 est
864 3544 884 3588 a
904 3521 1065 3613 piscatore
1084 3520 1225 3597 Perseo,
1255 3526 1293 3586 et

109 3604 332 3673 &itidemne
358 3615 510 3694 puerum,
544 3607 702 3677 Perseum
727 3607 905 3676 nominavit
949 3607 1153 3675 'Obiutoest
1181 3602 1305 3672 sutem·

150 3690 224 3777 regi
250 3689 433 3780 prouinciae
459 3693 558 3775 illius,
590 3695 645 3783 qui
674 3719 745 3763 eum
771 3695 830 3764 sibi
849 3695 925 3761 iecit
945 3715 1095 3772 uxorem,
1127 3712 1200 3759 cum
1222 3712 1292 3776 que

151 3777 248 3844 etiam
278 3775 421 3844 condidit
447 3779 604 3862 Ardeam,
638 3806 658 3849 e
689 3783 803 3869 quibus
826 3780 973 3861 'furuum
1002 3780 1158 3867 originem
1180 3774 1319 3843 voluut'

42 3944 45 3950 Ι
151 3862 280 3929 ducere
321 3862 468 3951 Jupiter
495 3865 651 3933 Perseum
678 3867 803 3936 cuidem
831 3868 907 3954 regi
938 3866 1086 3934 alendum
1114 3862 1290 3930 commisit:

152 3947 238 4038 quod
259 3949 344 4016 Juuu
394 3949 501 4032 uleus,
527 3952 674 4020 nefandis
701 3954 783 4022 odiis
811 3956 960 4042 persequi
988 3952 1106 4041 coepit·
1121 3972 1214 4029 eum,
1247 3971 1292 4015 8⁰
1330 3996 1333 4002 ·

109 4051 266 4123 eoregem
286 4033 463 4123 instigavit,
485 4048 522 4104 ut
552 4059 625 4105 eum
648 4039 751 4129 aliquo
784 4039 882 4108 modo
915 4038 1082 4125 perderet;
1112 4036 1168 4126 qui
1202 4033 1304 4103 misit·

125 4135 128 4140 ·
151 4143 225 4187 eum
247 4119 287 4187 od
310 4119 436 4215 diverse
462 4137 604 4203 munstre
622 4127 824 4217 perimendo,
854 4124 900 4194 uti
920 4125 1124 4205 Obiureeruru
1146 4133 1181 4191 et
1201 4123 1291 4191 Gor-

151 4228 270 4293 gonem
291 4218 327 4297 et·
343 4204 519 4295 Medusam.
714 4254 717 4259 -
885 4256 888 4261 -
918 4230 922 4239 ·
1060 4260 1067 4273 ,
