2684 4606
327 118 333 133 '
385 159 631 263 umber.
664 96 904 241 ·oo-ssa³c.·
1157 173 1209 251 ro
1239 151 1247 161 ”

287 339 372 418 50.
411 344 644 421 Hercules
680 358 724 423 et
757 311 989 429 Alcmena.

152 468 306 540 Herculio
327 481 419 541 omns
441 472 502 542 suit
522 472 601 548 talio.
623 472 794 564 suppum
820 493 894 547 cum
914 481 1083 568 Alcmena,
1112 508 1211 556 uxore

62 556 212 647 Amphitr
234 559 321 642 onis,
340 561 375 626 in
394 559 503 648 specie
522 560 591 650 ejus
612 561 780 647 concubit;
802 585 842 630 er
864 588 927 655 que
947 582 1039 640 natus
1059 581 1108 639 est
1124 575 1211 640 Her-
1258 620 1261 625 -

63 645 163 711 cules.
208 582 311 733 {ujus
339 658 376 714 nt
405 657 495 714 ortus
515 645 633 713 lunoni
654 647 774 717 celatus
797 664 901 733 esset,
934 676 1018 742 qnae
1047 669 1138 726 natos
1168 659 1211 726 de

37 730 232 882 felicibus
254 730 329 798 odio
357 731 485 813 babuit,
519 733 683 836 geminata
714 744 765 803 eat
795 756 867 803 nox.
920 740 987 807 Sed
1040 767 1115 813 uum
1144 754 1234 811 nono

18 852 22 861 ·
75 817 211 884 utniseet
243 815 421 898 Jnnonem,
454 817 583 887 immisit
614 816 696 886 duos
732 842 767 886 ee
807 834 914 904 entes,
949 827 1003 915 qui
1018 765 1210 898 qurcnlem

62 900 259 970 devorarent
277 904 310 970 in
332 903 423 971 cunis
436 902 608 992 jacentem.
651 903 756 972 Erant
800 928 842 973 uo
864 912 972 998 pueri,
1000 912 1138 1002 Iphiclus
1167 917 1210 983 de

56 989 309 1079 ,Amphitryone
337 989 498 1056 Hercules
520 989 563 1056 de
581 991 672 1058 Jove.
713 990 852 1080 Iphiclus
857 1041 869 1072 ‚
901 998 945 1063 ab·
973 997 1111 1068 adventu
1141 1009 1220 1069 ser-¹

61 1076 208 1225 gentium
234 1075 382 1151 territus,
413 1074 455 1142 de
482 1077 572 1144 cunia
601 1072 734 1157 cecidit,
768 1087 802 1145 et
831 1081 943 1167 vagitu
972 1107 1032 1151 suo
1059 1102 1208 1175 parentes
1242 1144 1245 1151 .

86 1160 260 1240 ormientea
271 1160 427 1229 excitavit
457 1161 525 1236 Qui·
540 1174 711 1250 surgentes
732 1160 879 1232 viderunt
890 1169 1065 1239 Herculem
1082 1191 1251 1261 anguesro

61 1246 254 1329 elidentem,
282 1259 315 1316 et
336 1245 383 1316 eis·
402 1256 535 1337 guttura
556 1249 806 1338 praefocantem.

165 1513 168 1519 .
241 1448 308 1525 ul.
362 1450 590 1527 Herculeo
633 1461 676 1524 et
711 1447 904 1553 Nemees
943 1454 1027 1529 leo.

11 1632 15 1643 ,
61 1672 66 1677 ¹
146 1579 307 1648 Hercules
328 1578 442 1684 misens
464 1579 506 1682 ab
525 1560 730 1681 Eurystheo,
758 1577 989 1684 Thebanorum
1012 1603 1110 1670 rege,
1139 1583 1207 1650 Ne·

38 1668 322 1824 ffigurlnteffiffim
349 1664 527 1745 interfecit,
557 1686 648 1753 cujus
669 1662 752 1752 pelle
774 1687 848 1734 cum
870 1669 1031 1754 unguibus
1052 1691 1111 1758 pro
1132 1692 1248 1824 spo-1¹⁶

425 1907 494 1984 52.
548 1907 836 1984 Molorchus.
945 1908 949 1915 ’

94 2024 98 2028 ’
128 2037 331 2125 ,Molorchus
352 2035 484 2126 qnidam,
500 2047 610 2125 pastor
629 2034 720 2118 fnit,
734 2036 790 2125 qni
811 2035 1004 2118 Herculem,
1027 2040 1205 2112 venientem

53 2125 100 2196 ad
120 2124 282 2193 Nemeum
301 2123 427 2191 leonem
449 2121 679 2204 occidendum,
708 2120 881 2192 liberaliter
900 2126 1051 2215 suscepit.

323 2335 392 2411 55.
445 2334 570 2435 Eryx
607 2341 653 2407 et
684 2288 930 2410 Hercules.
969 2283 985 2325 ἵ

143 2465 233 2555 Eryx
255 2464 388 2531 Veneris
410 2475 444 2532 et
464 2462 571 2549 Butae
591 2458 673 2539 lilius
694 2458 763 2528 nnc
792 2461 875 2544 Qui,
906 2463 1033 2532 occisus
1054 2463 1096 2530 ab
1111 2444 1260 2540 Her-20¹

56 2552 147 2632 cule,
178 2575 217 2618 ex
247 2551 409 2638 sepulture
430 2571 489 2616 sne
512 2545 612 2616 monti
632 2568 749 2613 nomen
770 2547 936 2636 imposuit,
968 2552 1000 2616 in
1022 2572 1087 2637 quo
1107 2551 1202 2618 matri

54 2640 183 2709 lecerat
210 2637 379 2725 templum,
411 2620 498 2723 quob
518 2637 648 2703 Aeneae
669 2631 800 2703 ascribit
819 2641 932 2723 poeta:
972 2634 1062 2700 Τιαη
1083 2635 1202 2703 vicino
1240 2663 1242 2667 ’

54 2725 167 2789 aelric
188 2722 342 2810 Erycino
362 2726 401 2786 in
423 2721 552 2788 vertice
573 2718 680 2803 sedec.

133 2937 136 2941 ’
199 2937 268 3012 54.
323 2930 872 3010 HerculesetCiminuc
909 2934 1051 3008 lacus.

142 3065 304 3133 Hercules
338 3060 507 3151 aliqnando
538 3057 623 3125 uenit
653 3058 696 3128 ad
733 3059 884 3150 populos,
923 3064 982 3155 qni
1009 3061 1240 3133 dicebanturro

55 3153 174 3219 Cimini
201 3150 249 3221 vel
279 3175 299 3218 a
329 3161 438 3219 monte
466 3147 514 3213 vel
538 3144 659 3213 alacu.
701 3145 746 3215 Et
766 3167 863 3234 quum
886 3171 905 3213 a
927 3147 1060 3236 singulis
1082 3172 1224 3237 provo.

55 3253 186 3307 caretur
215 3236 258 3305 ad
289 3235 520 3304 ostendendam
547 3229 711 3312 virtutem,
747 3230 898 3299 defixisse
929 3234 1045 3302 dicitur
1071 3249 1198 3302 vectem

53 3327 215 3406 l'erreum,
236 3346 300 3412 qno
324 3325 541 3389 exercebatur·
571 3315 636 3392 Qui
657 3339 755 3406 quum
775 3330 884 3387 terrae
896 3333 980 3387 esset
997 3321 1110 3386 affixus
1129 3334 1197 3387 eta

55 3411 138 3479 trullo
171 3424 281 3499 posset
309 3408 446 3488 aulerci,
482 3430 556 3473 enm
584 3416 719 3490 rogatus
748 3404 890 3486 sustulit;
927 3404 1014 3471 unde
1043 3408 1195 3473 immensa

53 3498 100 3563 cie
121 3519 276 3585 equarum
297 3493 559 3576 subsecutaest,
586 3511 670 3578 quae
692 3489 850 3556 Ciminum
872 3490 978 3558 lacum
1002 3491 1087 3559 fecit.
1199 3509 1237 3558 ιο

280 3705 350 3780 55.
402 3701 604 3779 Antaeus
639 3716 685 3779 et
716 3703 961 3778 Hercules.

138 3839 278 3905 Antaeus
300 3833 361 3900 luit
379 3852 435 3898 rex
454 3829 597 3919 Libyae,
626 3831 707 3900 filine
729 3832 864 3898 Terrae.
907 3827 957 3895 nd
980 3851 1075 3917 quem
1096 3850 1193 3918 quum
1228 3822 1234 3832 '

15 3984 20 3993 .
52 3921 191 4001 venisset
219 3921 394 3999 Hercules,
426 3918 532 4006 coepit
560 3940 633 3984 cum
655 3941 694 3985 eo
715 3915 846 3995 luctari,
880 3915 939 3980 sed
970 3936 1034 3981 non
1065 3927 1192 4004 poterat

51 4031 127 4075 eurn
157 4030 318 4098 superare.
340 4004 505 4091 Fingebat
525 4004 607 4070 enim
628 4027 664 4071 se
685 4002 820 4086 cadere:
857 4014 891 4067 at
920 4023 960 4066 ex
980 4012 1083 4067 matre
1105 4015 1191 4068 terre

51 4097 134 4161 vires
165 4096 329 4177 tumebat»,
363 4103 396 4161 et
421 4090 534 4156 sortior
563 4092 727 4177 surgebat.
767 4086 845 4155 Hoc
874 4108 1075 4173 cognoscens
1104 4088 1233 4162 Her-m

10 4214 19 4287 t
50 4181 157 4263 eules,
185 4200 374 4258 cernentum
393 4177 425 4242 in
448 4182 540 4257 abre,
568 4177 644 4244 eliso
667 4184 816 4265 gutture,
842 4172 1017 4240 suffocavit.

16 4304 24 4385 l
718 4288 780 4381 2.*

21 4420 29 4477 r
