2684 4606
111 191 165 247 ιιι
540 180 828 261 enooentrou.

110 357 207 438 xlv
231 361 339 457 uixit3
366 358 478 439 somn
493 373 611 440 nutem
625 360 748 451 Ursini
766 364 948 441 vutiesnus
972 359 1120 469 (nedum
1135 363 1254 464 ipsum

108 461 231 567 opus),
258 464 352 539 unde
371 491 436 539 nos
453 463 643 543 Leontium
661 468 889 566 sumpsimus,
909 467 1022 543 multo
1037 477 1117 565 unte
1133 477 1253 543 netum

107 566 299 641 Leontium
326 566 483 642 Pilatum
509 581 671 647 exerutm
699 570 788 664 fuiti
823 570 952 646 etenim
975 568 1061 670 ejus,
1079 571 1252 671 scripture

108 669 240 743 saeculi
264 669 346 743 ΧΠ
369 670 518 744 formum
542 697 627 772 pree
652 698 692 753 se
714 671 825 746 fert.'’
902 746 906 757 ,
1003 694 1006 698 ’
1103 706 1110 717 ·

66 798 69 811 ’
184 771 295 851 Vlll·
331 772 545 866 “Quoniam
570 773 676 876 longe
703 776 935 877 antiquiorem
959 772 1110 848 Leontio
1134 771 1251 849 Pilato

106 875 307 947 vaticanum
321 873 513 950 Leontium
529 875 779 971 demonstravi,
803 886 963 976 superest
978 901 1085 976 porro
1102 885 1143 949 ut
1156 872 1250 950 hune

107 974 154 1048 ab
174 972 328 1052 Albrioo
351 988 531 1077 nepotem,
565 1004 648 1053 eum
673 1004 745 1079 quo
765 976 934 1080 ,(pmeter
955 978 1045 1054 elios
1068 1003 1158 1077 quos
1176 974 1249 1077 jum

105 1076 187 1180 §V
214 1077 396 1184 recensui)
446 1079 632 1166 lohannes
651 1076 804 1183 ‚quoque
836 1080 1028 1157 mentius
1058 1105 1139 1155 eum
1172 1105 1248 1177 per·

105 1183 266 1265 mutavit.
319 1182 413 1279 llam
439 1182 505 1257 lib.
520 1180 652 1281 tm
681 1186 731 1258 sit
753 1185 963 1259 Boeestius:
998 1207 1145 1285 promen
1171 1183 1247 1255 ider

104 1283 230 1360 Marti
255 1310 399 1358 eaerum
428 1286 519 1360 dicit
547 1283 765 1380 Allerierss,
802 1287 889 1389 quia
914 1285 1005 1361 liaeo
1030 1284 1165 1378 herba,
1198 1310 1245 1357 ee·

106 1387 261 1458 eundum
279 1386 465 1481 Plinium,
492 1413 538 1461 ex
555 1388 712 1462 Ιιιιιηαιιο
734 1391 907 1490 sanquine
925 1396 1147 1487 procreetur.
1202 1384 1244 1460 Io

105 1488 212 1580 iude,
250 1499 293 1562 ut
322 1491 426 1562 idem
447 1491 558 1584 dieii,
597 1489 761 1565 Romami
789 1516 866 1564 rem
895 1490 1064 1575 bellicam
1092 1497 1243 1588 rpentes

105 1589 229 1664 Morti
251 1616 394 1665 eaerum
418 1593 577 1694 foetori,
610 1618 714 1667 aram
727 1592 987 1667 oonstmebunt
1009 1592 1232 1691 promissum

104 1693 168 1789 qni
200 1692 299 1766 loeus
333 1693 581 1794 mptlmffrephi
615 1695 729 1768 nostri
759 1704 836 1788 est,
882 1693 1240 1791 quem,Brussieanm

103 1792 294 1867 Leontium
312 1821 388 1897 esse
408 1796 607 1875 affirmavit.
660 1796 803 1868 Rursus
828 1793 893 1867 lib.
910 1795 964 1888 Χ,
986 1789 1010 1867 1
1035 1795 1228 1868 Boeoatius

32 1926 37 1939 ·
102 1894 328 1993 Neptunum,
350 1907 392 1970 ut
410 1899 464 1971 ait
477 1894 685 1988 Alter-tem,
711 1923 734 1969 a
750 1898 872 1969 muodo
890 1897 1034 1971 dieunt:
1062 1922 1152 1994 qnae
1169 1921 1237 1968 sun

103 1996 213 2070 verba
227 1997 474 2098 mythograplri
487 1986 597 2073 nostri
618 1993 977 2100 p.185(111‚5,t).
1009 1993 1145 2070 Adhuc
1158 1997 1237 2072 Boe

104 2100 217 2182 eutius
243 2099 308 2173 lib.
325 2100 428 2194 ΧΠ,
456 2097 532 2173 76:
572 2099 709 2175 Caeam
731 2097 926 2174 Allerieue
947 2099 1091 2177 dieebot
1110 2101 1235 2200 nequis

102 2201 231 2274 simum
263 2201 433 2279 Evandri
458 2202 585 2304 silium-
608 2203 721 2311 sur'em
749 2229 813 2277 eeu
847 2228 1011 2290 seruum:
1059 2201 1122 2301 qui
1151 2201 1234 2291 locu

63 2330 67 2337 ·
104 2311 161 2376 est
185 2302 280 2401 apud
305 2301 466 2380 nostrrim
490 2303 789 2405 mythogrephum
816 2328 854 2405 p.
867 2301 967 2389 270.
982 2301 1072 2407 (nl,
1100 2299 1167 2398 15,
1194 2300 1233 2406 l]

102 2404 269 2505 Denique
293 2407 483 2482 Boseutius
512 2407 577 2482 lib.
596 2408 677 2504 xl,
708 2406 733 2480 7
767 2406 811 2482 de
841 2406 962 2481 Ledae
998 2407 1147 2508 geminis
1180 2407 1231 2479 ait

104 2509 203 2610 quod
227 2508 368 2585 alterno
396 2521 508 2584 morte
533 2510 673 2584 Pollux
696 2511 886 2584 redimeret
907 2511 1080 2611 flammo,
1110 2508 1231 2581 videtu

102 2608 301 2706 Albesieo,
338 2638 447 2715 quum
470 2614 643 2711 assumpti
671 2614 710 2685 io
734 2611 834 2685 eaelo
860 2613 1082 2712 qeminomrm
1113 2610 1230 2709 siqmu

100 2713 293 2815 fecissent,
337 2726 373 2790 et
405 2718 444 2788 in
476 2740 519 2789 eo
553 2716 605 2787 ito
636 2739 675 2788 se
705 2714 862 2787 labeant
893 2712 1064 2806 stellae,
1091 2722 1133 2785 ut
1167 2713 1229 2799 dur

82 2822 90 2843 ·'
104 2815 223 2888 oritur
250 2842 347 2909 ona,
384 2815 501 2891 altero
531 2816 649 2889 edituo
680 2815 798 2890 latitet
805 2843 820 2910 ,-
856 2817 1048 2916 eodemque
1080 2839 1171 2916 quae
1198 2813 1228 2887 le

105 2927 243 3011 tuerat,
275 2929 360 3017 post
387 2919 523 3018 prioris
553 2943 717 2991 oceasum
746 2917 864 2991 adirem
896 2916 1157 3020 aliquantisper
1186 2941 1227 3015 ap

102 3032 253 3121 pareat:
281 3046 371 3119 quae
392 3020 437 3094 ud
457 3017 604 3094 verbum
624 3021 776 3093 narratio
796 3030 852 3093 est
871 3022 986 3093 nostri
1004 3017 1226 3119 mythogrnpl

105 3150 144 3222 p.
158 3120 242 3196 174
266 3121 355 3223 (111,
379 3121 421 3217 5,
445 3121 502 3226 7).
555 3121 687 3197 Nullus
709 3123 853 3223 iuquam
876 3121 1023 3216 horum,
1057 3122 1123 3220 qui·
1142 3122 1225 3194 nitur

59 3252 65 3267 ‘
105 3236 164 3298 tur
197 3251 219 3298 u
252 3225 443 3322 Boeeetio,
481 3225 641 3299 locorum
672 3224 767 3325 apud
798 3225 930 3298 editum
960 3219 1150 3297 Alhrieum
1181 3248 1224 3298 es

95 3324 171 3401 'sed
194 3327 434 3404 tantummodo
460 3327 555 3427 upuel
579 3338 738 3401 nostrum
767 3325 1064 3428 mythographum
1087 3326 1223 3399 tertium

105 3454 211 3527 quem
229 3430 419 3504 Boeeatius
445 3427 543 3533 (item
563 3442 603 3503 ut
619 3429 760 3504 Tollius
779 3431 908 3530 aliique
927 3455 1035 3528 supra
1053 3439 1222 3502 memoret

21 3564 25 3575 =
105 3530 239 3606 ideireo
264 3529 452 3607 Albricum
478 3534 690 3607 existimasse
713 3532 873 3627 videtur,
902 3533 984 3631 quie
1009 3532 1221 3607 continuatur

105 3636 144 3707 in
173 3635 295 3710 codiee
324 3662 390 3710 suo
421 3633 476 3739 (ut
500 3635 543 3708 lit
565 3637 605 3708 in
628 3636 726 3735 regio
751 3635 928 3736 vaticano)
957 3643 1039 3734 post
1060 3627 1220 3706 Albrieut

107 3734 257 3836 legebat.
321 3738 421 3839 Ergo
451 3740 482 3812 si
507 3738 710 3811 Bressienni
741 3739 976 3811 testimonium
1001 3736 1145 3809 veritate
1170 3736 1219 3811 nit

106 3849 187 3932 tur,
222 3837 268 3912 de
296 3865 367 3939 qua
395 3866 434 3914 re
459 3839 620 3915 dubitare
646 3841 705 3913 vix
731 3839 836 3934 lieet,
876 3841 999 3914 tertius
1027 3847 1146 3911 noster
1174 3863 1218 3939 ιιι]

107 3934 326 4039 thogreplrus
347 3943 518 4018 Leontius
542 3954 618 4016 este
650 3944 707 4016 sin
728 3942 877 4015 eliorum
900 3939 1112 4040 conjecturis
1135 3939 1217 4041 indu

106 4043 576 4248 tillrtlttlttlltl
600 4039 1074 4253 {tlttlttlilltt
1081 4042 1216 4244 tel

108 4244 516 4352 aliique-subsequentes
543 4250 838 4327 desideraverunt.

75 4510 79 4519 “
119 4530 246 4558 ⁴-
