2692 4606
91 212 97 223 ·
201 140 204 145 ¹
303 146 657 303 ‘'hblylhopr'flll.
714 186 778 265 10.
833 188 875 267 ll.
994 144 1008 175 'x
1118 188 1202 266 225

51 377 149 442 armis
165 373 361 447 defenderet.
405 374 557 464 Dumque
580 376 610 442 in
627 375 808 448 cubiculum
826 376 1008 458 introirent,¹
1023 342 1209 446 reluctantel

49 462 204 540 Pallade,
237 461 395 531 l'ulcanus
425 485 532 527 semen
566 464 597 527 in
623 464 804 552 pavimento
867 462 955 541 ecit,
991 462 1076 528 uude
1106 477 1199 531 natus

10 565 14 570 ·
50 560 101 614 θεῖ
132 569 213 650 puer
248 546 380 634 pedibus
411 547 612 627 draconteis,
656 552 710 636 qui
744 486 971 614 Erilclrtronius
1001 549 1106 616 dictus
1139 562 1210 628 ests

48 656 142 720 quasr
179 635 222 698 de
255 644 362 716 terra
382 645 414 699 et
444 633 509 697 tite
543 640 741 720 procreatus.
808 630 891 701 Nam
922 635 1015 721 juata
1049 636 1197 703 Serrium
1290 660 1306 679 ’-

49 714 147 869 ptqqilp
161 729 280 805 pierre,
297 725 365 804 ἔρις
390 718 436 782 lia
452 716 690 806 interpretatur.
734 720 799 786 llic
822 720 863 787 ad
884 719 1057 806 tegendam
1077 719 1221 808 pedums

46 814 266 956 aliteltaidhhii
294 827 495 976 helgaudus.
540 893 591 958 Ait
618 893 723 972 enim,
751 899 818 977 ἔρις
851 894 980 957 Graece
1009 898 1197 972 certamen,

48 969 147 1127 pitisio
169 987 284 1077 terro,
303 975 368 1076 sive
388 969 520 1061 φθόνος
542 975 696 1077 irrru'rlia,
723 975 847 1044 dicitur.
891 977 981 1044 Illum
1005 989 1197 1087 conceptum

86 1082 193 1126 merra
222 1082 253 1124 rn
274 1071 396 1131 cistam
424 1060 608 1143 abscondit,
642 1061 849 1152 draconeque
874 1055 1020 1130 custode·
1038 1074 1196 1151 apposrto,

52 1147 179 1213 duabus
202 1147 363 1212 sororibus
386 1146 560 1212 Pandorue
583 1157 624 1213 et
655 1149 797 1236 Aglauro
825 1147 1066 1216 commendarit.
1117 1144 1238 1216 Vul-r'u
1279 1215 1282 1220 .

49 1234 167 1298 canum
199 1231 298 1317 igitur
331 1230 425 1297 intelli
452 1233 460 1296 i
491 1232 657 1303 voluerunt
693 1232 811 1311 fierine
846 1234 977 1322 igoern.
1035 1233 1130 1301 Unde
1163 1248 1196 1304 ct
1221 1276 1240 1310 -,

49 1314 212 1384 l'ulbauus
234 1315 409 1383 secundum
464 1310 637 1404 ulgentium
660 1306 764 1386 dictus
785 1331 854 1398 est,
875 1320 908 1384 id
931 1331 980 1387 θεῖ
1001 1322 1196 1385 cohortatio

47 1403 155 1471 calor.
198 1403 348 1490 Denique
367 1413 400 1468 et
419 1403 490 1468 Jovi
512 1403 640 1490 fulgura
661 1404 754 1481 lacit,
784 1405 816 1489 id
841 1416 890 1470 est
910 1405 1029 1472 civibus
1054 1407 1195 1471 furorem
1233 1462 1241 1477 ,
1320 1461 1325 1469 ,

46 1488 207 1557 concitat.
253 1488 333 1554 Ideo
366 1486 529 1554 Minervae
557 1490 651 1577 conju
678 1491 741 1556 ium
768 1489 905 1578 appetit,
931 1491 1016 1577 ‘quia
1045 1490 1135 1556 furor
1161 1501 1195 1557 et

47 1575 246 1663 sapientibus
268 1573 438 1676 aliquando
454 1576 614 1662 subrepit.
692 1576 722 1642 la
751 1598 827 1641 vero
855 1576 949 1641 armis
980 1575 1191 1662 virginitatem
1200 1587 1235 1637 la

46 1659 210 1738 defendit,
244 1683 318 1746 quta
349 1662 449 1726 omnis
472 1661 599 1748 sapiens
621 1661 662 1727 ad
685 1663 901 1748 integritatem
931 1680 1056 1728 morum
1082 1659 1192 1738 defen·
1232 1698 1295 1739 -32

48 1744 206 1812 dandam*
220 1757 333 1811 contra
367 1745 480 1811 furiam
515 1747 641 1813 virtute>
661 1749 754 1813 animi
789 1746 927 1822 dimicat,
969 1745 1065 1813 ,Inde
1094 1748 1194 1831 igitur
1214 1751 1238 1820 ,’
1318 1788 1325 1799 -

46 1832 191 1899 nascitur
205 1831 450 1909 Erichthonius,
474 1830 507 1896 id
530 1843 579 1898 est
599 1826 774 1897 certamen
797 1832 954 1897 invidiae
976 1834 1042 1898 sive
1058 1844 1194 1908 terrae3

44 1932 171 1995 terrae,
206 1917 352 2004 inquam,
386 1917 460 2004 quia
490 1918 573 1983 sicut
595 1929 681 1983 terra
715 1940 904 2007 corporum,
937 1916 983 1983 sic
1013 1929 1047 1983 et
1076 1915 1193 1983 invidia
1220 1983 1224 1990 ,
1329 1961 1335 1967 -

45 2003 231 2069 mundanae
253 2003 377 2089 gloriae
399 2004 577 2069 consonatio
598 2014 656 2069 est.
716 2004 761 2070 Et
790 2003 868 2091 qnid
896 2002 981 2096 aliud
1014 2003 1248 2099 subrepensauq

41 2089 220 2176 sapientiae
262 2090 364 2165 furor,
405 2089 462 2153 nisi
494 2101 656 2155 certamen
696 2089 831 2155 invidiae
895 2099 969 2155 ueat
1005 2089 1192 2175 generare?

42 2176 149 2257 Qqam
172 2173 302 2263 quidem
324 2172 483 2239 invidiam
515 2175 657 2240 Minerva
688 2174 719 2239 in
750 2177 830 2241 cista
861 2111 1047 2256 dhscondit,
1079 2176 1112 2240 id
1142 2186 1192 2240 est

42 2261 171 2348 sapiens
194 2262 223 2324 in
247 2259 347 2325 eorde
371 2261 463 2326 celat.
507 2260 642 2347 Sapiens
665 2262 748 2327 enim
770 2260 872 2325 lenior
892 2272 959 2339 est,
991 2275 1024 2328 et
1046 2259 1190 2326 dolorem

43 2367 140 2412 suum
166 2345 291 2412 minime
312 2345 474 2434 patefacit.
528 2346 712 2411 Draconem
735 2345 763 2410 ei
788 2342 954 2411 custodem
978 2348 1127 2434 apponit,
1156 2346 1190 2413 id

42 2444 93 2500 est
118 2431 359 2499 sollicitudinem
392 2430 532 2498 adhibet.
588 2432 674 2497 Eum
705 2431 800 2497 etiam
829 2430 955 2498 duabus
986 2432 1231 2500 commendetaa
1312 2487 1314 2491 .

44 2518 219 2605 virginibus
240 2517 413 2597 Pandorae
435 2528 467 2583 θῖ
488 2516 642 2604 Aglauro.
676 2516 848 2583 'Pandora
876 2535 957 2582 vero
990 2517 1190 2583 amicercole

41 2627 189 2682 munus,
222 2604 361 2692 Aglauro
392 2624 466 2668 vero
490 2603 664 2667 tristitiae
684 2600 1067 2690 obliviointerpretatur.
1128 2604 1189 2668 Sa-

41 2689 134 2791 piens
158 2690 239 2755 enim
261 2691 287 2756 si
309 2686 386 2777 quid
409 2691 477 2754 irae
499 2687 547 2752 rel
570 2688 711 2753 rancoris
733 2685 886 2753 adversus
914 2688 1049 2776 aliquem
1072 2700 1189 2776 portat,

21 2774 73 2840 ²1d
97 2773 146 2839 rel
169 2776 374 2926 benipnitati.
398 2773 642 2926 ‹praeomnium
665 2773 849 2841 naturaliter
869 2795 982 2840 munus
1005 2785 1070 2850 est,
1100 2797 1188 2841 corn·

41 2861 189 2941 mandat,
224 2863 232 2925 i
268 2875 327 2947 ⁸est
349 2884 387 2925 er

38 2947 180 3027 donem,
210 2948 360 3014 transfert
380 2944 411 3011 in
433 2946 630 3029 oblivionem.

125 3034 158 3099 4.
202 3033 289 3100 Sane
309 3032 383 3121 quia
410 3031 452 3098 de
476 3032 618 3098 Vulcano
642 3041 712 3098 orta
735 3041 785 3098 est
805 3031 941 3112 mentio,
964 3029 1133 3115 Remigius
1154 3041 1187 3098 et
1276 3014 1302 3093 ..¹

40 3119 173 3186 Servius
192 3142 265 3184 eum
288 3117 378 3205 quasi
398 3116 601 3196 Volicanum,
629 3117 804 3180 colentem
826 3117 1010 3181 eandorem
1030 3117 1188 3203 interpre-

40 3218 158 3273 tantur.
202 3206 337 3271 Ponitur
360 3202 460 3283 enim,
496 3213 531 3268 ut
552 3202 595 3268 ait
617 3201 757 3289 quodam
779 3201 811 3264 in
839 3201 911 3266 loco
936 3202 1122 3287 Renrigim,
1153 3203 1185 3266 in

39 3291 148 3357 secie
180 3291 264 3378 igni's
294 3291 431 3370 terreni,
465 3288 548 3355 sicut
582 3288 670 3354 loris
699 3288 731 3352 in
759 3282 993 3373 significatione
1026 3287 1228 3359 caelestisne
1249 3345 1251 3349 .
1270 3305 1313 3341 ἱ.

70 3375 186 3442 laudus
207 3374 361 3466 fingitur,
394 3376 469 3464 quia
489 3372 573 3462 ignis
596 3376 768 3460 numquam
788 3383 895 3440 rectus
918 3373 980 3461 sed
999 3375 1185 3439 anfractuo-

39 3485 93 3530 sus
114 3461 244 3529 incedit.
297 3460 434 3529 Ponitur
456 3474 489 3528 et
523 3460 682 3526 Vulcanus
703 3482 762 3548 pro
787 3458 866 3546 igne
893 3461 1075 3526 obscoenae
1095 3459 1184 3547 cupi·

39 3547 157 3616 ditatis.
219 3548 315 3615 Unde
354 3559 387 3615 et
419 3545 551 3615 Veneris
584 3547 718 3633 fingitur
756 3545 899 3613 maritus.
955 3544 1048 3612 Bene
1087 3545 1182 3612 etiam

39 3634 205 3714 Lemnius,
226 3634 260 3700 id
282 3644 331 3701 est
353 3633 499 3714 lutosus,
521 3630 646 3711 dicitur,
664 3632 739 3720 quia
754 3631 916 3698 obscoena
938 3631 1081 3720 voluptas
1103 3653 1182 3696 non-

38 3721 96 3787 nisi
116 3721 149 3786 in
171 3718 280 3788 lutosis
299 3718 459 3785 mentibus
481 3728 643 3793 versatur:
674 3720 780 3805 ir'prrq
806 3740 943 3805 namque
965 3717 1064 3782 lacus
1084 3718 1225 3792 inter-40

38 3818 192 3894 pretatur.
247 3806 373 3874 Dicitur
395 3817 428 3870 et
448 3804 626 3885 Mulciber,
661 3801 723 3870 hoc
745 3814 795 3871 est
823 3805 907 3891 ignis
937 3803 1059 3882 acrius,
1090 3805 1181 3892 quasi

37 3893 191 3956 rurrleerrs
214 3890 368 3961 imbrem.
411 3891 518 3964 (tuum
541 3891 624 3957 euim
646 3891 747 3957 nubes
770 3891 879 3970 altiora
898 3882 1054 3977 petierint,
1074 3889 1181 3955 calore

38 3977 66 4041 in
98 3976 220 4064 pluuias
251 3974 460 4042 resolvuntur.
514 3975 602 4042 Inter
631 3976 746 4062 Jovem
774 3999 850 4059 uero
883 3989 914 4043 et
944 3975 1119 4042 Vulcanum
1148 3988 1180 4042 et

10 4104 23 4145 ς.
39 4063 168 4130 l'estam
189 4063 252 4129 hoc
278 4062 411 4127 dicimus
432 4063 595 4142 iuteresse,
617 4061 706 4148 quod
727 4063 814 4129 Joris
838 4074 887 4128 est
910 4060 1179 4146 ignistaetherius

37 4148 166 4237 simplex
198 4160 230 4215 ct
261 4150 432 4222 irtnnrnus,
478 4146 615 4234 nihilque
644 4170 815 4235 perurens;
855 4150 952 4216 Vesta
983 4168 1057 4213 rere
1093 4147 1220 4233 ignis-ta
1309 4198 1317 4224 ,-

10 4240 84 4309 ἷθεῖ
116 4234 278 4323 publicus,
321 4236 430 4302 usibus
466 4234 652 4303 mortalibus
692 4235 969 4321 accommodatum
1016 4233 1175 4301 Vulcanus

317 804 415 870 rimus
437 825 533 869 curru
558 828 634 872 usus
657 816 714 872 est.
767 805 821 872 De
849 807 988 872 nominex
998 817 1106 873 tamen
1127 807 1197 894 ejus
1292 824 1295 833 ’

433 2860 608 2945 enignitate
632 2859 792 2946 ignoscit3
829 2857 876 2924 rel
898 2858 976 2926 dunt
1011 2858 1120 2927 diliert
1140 2858 1231 2930 ul-a'o
