2684 4606
412 112 604 265 mptum.
631 160 684 236 11.
724 112 834 237 eoo.
941 140 944 151 '
1121 161 1202 269 aas

52 336 171 417 Jo'rem
201 369 306 437 regno
365 343 482 413 ederet
526 347 685 436 luppiter.
710 358 928 417 autemeam
956 344 1061 439 junxit
1087 347 1200 415 Peleo.
1268 365 1272 372 '
1309 371 1311 375 ·

54 436 177 503 Peleus
201 438 301 523 igitur
361 431 501 498 hetidem
532 433 673 512 ducens,
703 434 909 522 magnificum
930 433 1006 505 fecit
1025 434 1202 501 convivium

52 521 114 589 diis
136 532 171 589 et
192 520 318 589 deabus
337 519 490 583 omnibus.
525 519 625 595 ,Sola
657 518 830 601 Discordia
865 520 992 586 minime
1016 516 1202 586 introducta

53 619 115 675 est.
158 607 254 682 Quae
277 608 319 672 ob
341 602 405 669 hoc
423 602 503 673 irata
525 627 659 673 aureum
678 628 807 692 pomum
825 605 959 696 jactavit
977 606 1009 670 iu
1025 605 1199 672 convivium

59 695 143 760 inter
158 694 318 760 Venerem
348 699 382 755 et
402 688 576 756 Minervam
609 691 836 773 etlunonem,
869 693 900 758 in
922 714 986 779 quo
1008 702 1079 758 erat
1098 692 1225 777 scrip-5

52 791 136 846 tum:
159 773 447 843 Pulclrerrimum
467 774 598 840 donum
614 776 874 862 pulcherrimae
893 777 990 842 dene.
1032 776 1095 843 Illis
1119 778 1202 843 inter

54 888 91 932 se
106 864 323 953 jactantibus,
359 880 442 947 quae
472 871 558 927 esset
589 861 818 948 pulcherrima,
855 873 888 928 et
907 864 960 928 cni
981 886 1109 950 pomum
1133 861 1203 926 dari

15 996 19 1001 -
55 950 210 1027 deberet,
245 947 356 1024 Paris,
399 942 480 1010 filius
514 945 652 1026 Priami,
678 946 779 1048 judex
809 949 1024 1027 intromissus,
1066 949 1202 1014 sormam

55 1033 189 1103 Veneris
208 1032 327 1100 Junoni
348 1039 382 1096 et
401 1028 564 1098 Minervae
616 1037 795 1114 raelerens,
828 1055 960 1100 aureum
992 1056 1121 1122 pomum
1142 1031 1230 1119 ipsi·
1322 1098 1325 1105 Α

56 1120 230 1196 vindicavit.
273 1113 370 1184 Unde
396 1125 430 1181 et
452 1127 565 1204 postea
585 1055 718 1186 lleneris
748 1119 863 1187 auxilio
897 1121 1048 1208 Spartam
1065 1136 1243 1207 ‘expug-lo

56 1204 180 1286 nando,
209 1205 366 1273 Helenam
387 1202 501 1302 rapuit
556 1192 623 1269 Sed
645 1215 777 1293 propter
795 1203 922 1271 Paridis
939 1204 1094 1293 judicium
1117 1205 1202 1269 Jono

55 1315 122 1359 sem
148 1302 328 1380 er,postea
356 1284 507 1375 'l'roJanis
534 1287 659 1355 inimica
687 1290 755 1359 fuit.
806 1291 926 1357 Genuit
954 1301 1061 1358 autem
1088 1290 1203 1356 Thetis

55 1401 94 1445 ex
114 1314 215 1443 Peleo
237 1372 397 1443 Achillem.
447 1372 500 1439 De
521 1372 611 1462 cujus
632 1387 736 1443 morte
755 1398 854 1464 quum
875 1376 1020 1456 timeret,
1054 1398 1094 1440 eo
1116 1373 1205 1463 quod

55 1472 190 1552 epatre
215 1473 300 1530 esset
320 1457 479 1537 mortalis,
510 1468 544 1526 et
562 1461 644 1525 baec
664 1473 853 1548 quereretur
882 1461 968 1551 apud
999 1461 1203 1550 Neptunnm;

54 1548 227 1637 Neptunus
249 1548 308 1626 ait,
340 1566 404 1610 uon
426 1565 499 1617 esse
519 1543 694 1612 timendum
726 1545 768 1612 de
789 1570 845 1625 eo,
878 1547 953 1635 quia
979 1546 1048 1615 talis
1077 1546 1244 1613 loturosls
1308 1603 1313 1620 ,

55 1644 160 1715 esset,
191 1644 228 1703 ut
248 1632 399 1700 credatur
429 1629 491 1694 deo
511 1631 650 1717 genitus.
688 1632 807 1700 'Phetis
827 1648 953 1715 tamen,
979 1632 1058 1699 lata
1077 1631 1203 1699 Achillis

55 1720 189 1800 timens,
224 1741 298 1785 eom
320 1719 353 1783 iu
377 1715 524 1806 Stygiam
548 1715 695 1805 paludem
713 1718 821 1801 tinxit3
852 1717 940 1785 nnde
967 1727 1037 1786 toto
1067 1738 1204 1807 corpore

55 1805 288 1873 invulnerabilis
311 1804 390 1885 suit,
422 1812 564 1889 excepto·
587 1802 668 1884 talo,
701 1804 885 1892 qni'matris
906 1826 1003 1873 manu
1024 1804 1204 1871 tenebatur.

55 1891 124 1959 Sed
144 1890 281 1959 Achilles
303 1891 390 1959 circa
410 1891 517 1955 muros
539 1888 660 1976 'Projae
681 1890 796 1959 bellum
815 1896 944 1978 gerens,
963 1913 1059 1976 quum
1082 1891 1205 1956 fureret

56 1975 209 2045 adversus
235 1979 508 2062 Agamemnonem
527 1988 658 2063 propter
678 1974 875 2058 Briseidem,
895 1977 995 2043 noluit
1011 1975 1126 2062 egredi
1146 1973 1246 2041 ad-uo

56 2085 165 2132 versus
186 2063 357 2153 'Projanoa
402 2061 552 2146 Rogatus
575 2072 701 2139 autem,
724 2074 761 2147 ut
781 2061 892 2129 saltem
911 2063 1083 2143 Patroclo,
1103 2060 1205 2127 sodali

55 2172 133 2230 suo,
163 2148 218 2238 qui
249 2159 342 2215 antea
362 2149 395 2214 in
416 2145 561 2233 'P'rojano
582 2146 664 2211 bello
686 2147 928 2235 Sarpedonemi
953 2148 1041 2214 Joris
1064 2159 1096 2219 et
1117 2147 1205 2212 Lao-

56 2235 183 2304 damiae
205 2232 321 2311 filium,
343 2230 525 2311 occiderat,
553 2253 641 2299 arma
662 2233 1015 2327 sua„‘p⁷ulcani.manu
1038 2226 1226 2311 fabricatas

55 2331 250 2424 praestaret,
280 2317 494 2408 persuadente
522 2314 650 2383 demum
683 2317 793 2399 Ulixe,
822 2319 989 2389 concessit.
1039 2318 1204 2404 Egressus

54 2409 154 2495 rgitur
184 2404 371 2486 Patroclus,
398 2402 526 2469 indutus
548 2403 642 2468 armis
664 2402 815 2483 Achillis,
837 2406 878 2470 ab
899 2404 1047 2470 Hectore
1067 2404 1241 2483 occisus,25

54 2505 89 2562 et
111 2492 209 2560 armis
230 2490 380 2580 spoliatus
407 2486 568 2556 occubuit.
609 2487 733 2554 Postea
762 2488 877 2556 'Phetis
902 2488 1030 2566 Achilli,
1064 2501 1199 2554 mortem

55 2576 174 2646 sodalis
193 2578 235 2643 im
261 2577 394 2663 atienter
417 2573 548 2654 ferenti,
566 2572 741 2640 ‚Vulcania
762 2595 852 2641 arma
879 2573 993 2640 iterum
1014 2573 1200 2660 impetravit.

55 2666 183 2740 Quibus
200 2602 330 2730 indutus
352 2684 451 2750 quum
471 2661 665 2740 Hectorem,
688 2660 721 2725 in
743 2658 911 2729 vindictam
931 2659 1075 2727 Patrocli
1091 2683 1206 2748 provo·
1275 2729 1286 2742 ,

56 2762 184 2832 catum,
215 2748 427 2829 interficeret,
459 2744 658 2835 cadaverque
683 2745 768 2836 ejus,
797 2745 839 2813 ad
860 2767 988 2812 currum
1010 2767 1103 2812 snum
1125 2747 1220 2832 liga.

55 2848 142 2917 tum,
176 2834 264 2902 circa
289 2837 399 2901 muros
429 2830 587 2911 traheret,
617 2845 753 2921 rogatus
780 2855 800 2897 a
826 2832 956 2899 Priamo
988 2843 1055 2912 est,
1084 2844 1120 2901 ut
1145 2831 1203 2898 sibi
1211 2845 1247 2895 3ο

10 2979 15 2986 r
55 2921 181 2989 liceret
200 2920 346 2986 exanime
378 2917 432 2990 filii
467 2938 583 3005 corpus
616 2938 695 2985 auro
727 2931 894 3008 pensatum
927 2919 1080 3008 recipere.
1131 2919 1205 2994 Quo

56 3008 164 3088 facto,
193 3006 377 3096 Polyxena,
405 3004 558 3070 Hectoris
578 3025 689 3084 soror,
709 3002 749 3070 in
771 3015 861 3072 turre
881 3014 987 3083 stans,
1016 3003 1151 3071 armillas
1174 3015 1207 3072 et

54 3095 186 3160 inaures
214 3092 287 3173 illo,
317 3113 382 3180 quo
415 3089 522 3157 fratris
542 3091 738 3176 pensabatur
770 3112 904 3179 corpus,
935 3088 1077 3179 projecit
1132 3091 1207 3165 Qua

55 3181 139 3257 visa,
164 3177 317 3256 Achilles,
337 3178 364 3243 si
386 3175 445 3242 sibi
468 3174 616 3250 daretur,
639 3174 800 3264 promisit,
821 3188 857 3244 ut
875 3177 1072 3243 Hectoreum
1089 3198 1205 3264 corpus

53 3265 229 3339 redderet,
259 3276 292 3332 et
320 3262 480 3350 Troianos
512 3284 585 3327 cum
610 3263 763 3343 Graecis,
793 3261 918 3350 reddita
940 3264 1247 3345 tamen-Helenam

54 3352 252 3456 pacificaret.
295 3349 403 3421 Quum
424 3358 549 3425 autem,
576 3349 731 3436 promissa
752 3348 811 3415 sibi
831 3373 850 3414 a
868 3347 1018 3436 'l'rojanis
1031 3349 1205 3439 Polyxena,
1239 3354 1243 3362 ’

52 3461 88 3504 m
118 3434 271 3526 templum
300 3433 354 3499 'Ph
378 3433 500 3499 mbraei
518 3432 673 3520 'Apollinis
712 3431 755 3499 ad
789 3433 980 3501 firmandum
1010 3435 1124 3502 foedos
1152 3460 1205 3513 ve-

54 3525 174 3602 nisset,
202 3517 322 3621 insidiis
353 3459 501 3594 Paridis,
532 3529 608 3606 post
627 3518 831 3588 simulacrum
850 3518 992 3600 latentis,
1020 3521 1116 3589 missa
1140 3524 1205 3588 vul-

53 3621 190 3685 neratus
208 3630 244 3673 sa
270 3618 343 3685 uta,
365 3606 507 3686 moritur,
531 3615 604 3670 ante
627 3607 748 3673 obitum
770 3618 877 3674 tamen
898 3618 1029 3694 petens,
1047 3620 1083 3676 ut
1104 3611 1206 3675 evicta

52 3696 177 3785 Troja,
202 3628 426 3780 Polyxenasad
448 3688 626 3792 sepulcrum
649 3692 717 3781 ejus
737 3691 951 3762 immolaretur
958 3715 968 3776 ;
1000 3692 1088 3783 quod
1109 3697 1245 3764 etiamto

53 3796 131 3871 post
150 3805 171 3848 a
193 3777 336 3867 Pyrrho,
358 3777 425 3866 ejus
446 3776 531 3857 filro,
549 3775 711 3865 impletum
733 3789 790 3848 est.

182 3999 279 4075 206.
303 3981 306 3985 .
333 4000 613 4102 Explanatio
647 3999 842 4100 ejusdem
874 3945 1077 4079 fabulae.

28 4166 35 4174 ⁴
142 4118 400 4198 'l'hetidemdici
423 4130 591 4200 voluerunt
611 4150 744 4217 aquam3
775 4126 862 4194 undo
892 4131 1096 4221 etNympha
1119 4131 1201 4198 dicta

56 4230 118 4288 eat
169 4218 277 4294 Quam
305 4238 403 4306 quum
431 4217 578 4307 luppiter
604 4236 737 4285 uxorem
758 4213 878 4283 ducere
897 4214 1004 4299 vellet,
1037 4220 1108 4289 latis
1130 4241 1202 4308 pro-
