2684 4606
41 228 43 234 -
154 192 212 276 90
464 174 647 281 upum.
673 178 735 254 n·
773 179 989 259 -ar-nu-

152 371 250 523 loqati
275 367 363 459 pacis
383 362 615 432 caduceatores
642 362 801 435 dienntur.
856 368 949 437 Sicut
976 338 1135 460 enim'per
1155 372 1282 443 feciales

151 460 234 526 bela
251 456 488 547 indicebantuq,
521 450 566 518 ita
610 473 649 517 ax
670 474 729 540 per
751 453 981 525 caduceatores
1005 458 1114 527 fiebat.
1154 454 1284 553 Ἐρμῆς

67 538 70 551 ’
153 558 259 613 autem
278 544 406 609 Graece
426 536 552 620 dieitur,
603 536 688 606 atine
708 540 891 628 interpres.
969 568 973 575 ·

544 701 615 777 dd.
668 662 895 806 Orpheus.

115 866 134 916 ⁶
170 904 173 909 ,
237 825 364 928 Apollo,
385 836 452 926 lyra
473 856 552 900 acce
576 844 626 911 m,
648 833 832 921 Orpheum,
853 838 979 924 Oeagri
1001 836 1139 905 fluminis
1157 852 1191 909 et
1213 842 1282 913 cot

133 927 250 1016 ¹liopes
273 928 386 992 Musae
407 923 514 1005 filium,
536 857 651 985 dicitur
673 917 831 997 docuisse,
853 936 886 990 et
907 937 1075 1010 postquam
1096 926 1166 1014 ipse
1188 928 1282 997 citha-

64 1048 69 1055 ·
134 1037 219 1080 ram
248 1012 382 1089 invenit,
414 1009 514 1098 lyram
544 1005 586 1071 illi
614 1010 822 1073 concessisse.
882 1010 946 1075 Hic
976 1022 1082 1076 autem
1112 1014 1281 1103 theologus

134 1100 227 1179 isuit,
258 1111 292 1166 et
311 1097 404 1184 orgia
427 1093 544 1182 primus
564 1090 707 1158 instituit.
756 1093 803 1161 Et
823 1094 897 1180 quia
928 1095 1089 1164 hominum
1124 1094 1280 1171 se'iitatcm

143 1207 273 1267 morum
297 1180 475 1271 composuit
494 1176 711 1253 institutione,
734 1177 849 1265 dicitur
870 1181 1002 1251 arbores
1024 1195 1058 1250 et
1082 1196 1161 1267 saxa
1183 1186 1227 1255 ad
1246 1210 1280 1259 se

107 1269 342 1344 leaudiendum
364 1262 770 1335 commovendorillicuisse.

136 1436 143 1449 .
231 1383 313 1449 Erat
333 1391 439 1448 autem
459 1381 469 1447 i
493 1380 520 1447 si
542 1403 608 1446 una
631 1400 671 1445 ex
690 1378 873 1471 Dryadibus
892 1404 983 1463 uxor,
1005 1381 1090 1451 dicta
1106 1385 1278 1476 Eurydice.

147 1470 241 1545 Quae
273 1467 422 1547 Aristaei,
459 1404 513 1533 tilii
547 1465 696 1554 Apollinis
715 1481 749 1535 et
769 1469 913 1558 Gyreaes
940 1470 1128 1561 Nymphae,
1171 1476 1304 1565 Penei·

145 1555 283 1639 fluminis
320 1552 526 1633 Thessaliae,
561 1553 661 1632 filiae,
697 1550 991 1641 insidiassugieus,
1031 1570 1217 1663 serpentem
1247 1562 1278 1628 iu

122 1654 238 1730 ¹prato
265 1639 415 1705 latentem
444 1638 592 1719 incurrit,
633 1636 723 1725 cujus
754 1639 849 1717 etiam
879 1649 1000 1708 veneno
1029 1642 1131 1731 penit.
1183 1646 1279 1715 Unde

104 1724 265 1807 asdoloris
290 1726 484 1813 impatientia
505 1726 652 1792 turbatus
675 1723 844 1874 Orpheus,
876 1723 945 1815 lyra
966 1741 1117 1816 accepta,
1148 1730 1277 1804 Taena·
1312 1738 1316 1745 '

89 1862 92 1867 -
144 1814 207 1878 rias
230 1813 339 1877 larices
362 1808 455 1887 adiit,
488 1822 521 1877 et
543 1821 655 1876 cantus
678 1807 719 1873 du
733 1808 845 1875 cedine
865 1811 948 1879 Ditis
970 1814 1129 1883 feritatem
1151 1841 1288 1906 permo-

144 1899 204 1978 vit,
226 1898 396 1983 impetrans
417 1894 602 1984 Eurydicen
623 1919 663 1962 ea
684 1906 806 1961 tantum
827 1896 901 1985 lege
925 1899 983 1965 sibi
1004 1900 1115 1984 reddi,
1146 1915 1184 1973 ut
1206 1932 1275 1977 enm

143 1985 389 2072 subsequentem
411 1981 639 2068 praecederet,
668 2001 729 2045 nec
747 1981 825 2049 illius
849 2006 946 2050 causa
969 1985 1068 2052 visum
1089 2000 1177 2057 retro
1199 1996 1276 2061 flec-

118 2083 235 2137 teret.
291 2067 414 2135 Amoris
452 2078 558 2134 autem
596 2067 917 2156 impatientiadatae
949 2070 1009 2137 sibi
1038 2073 1120 2161 legis
1150 2078 1275 2163 obliurs,

101 2179 222 2230 aosuae
253 2153 321 2243 jam
359 2153 523 2240 potestatis
561 2152 732 2241 con‘ugem
769 2155 926 2242 respexit,
970 2155 1110 2251 legeque
1136 2161 1275 2237 satorum

143 2265 213 2317 eam
234 2238 440 2323 retrahente,
465 2237 570 2309 subito
593 2179 635 2313 al
657 2238 755 2311 oculis
776 2238 898 2335 lapsum
919 2240 1065 2337 perdidit.
1133 2251 1138 2258 '

275 2406 345 2482 45.
408 2408 629 2510 Juppiter
662 2420 703 2487 et
734 2402 882 2484 Aetna
915 2370 1134 2513 Nympha.

225 2540 371 2629 Juppiter
390 2541 523 2606 Aetnam
539 2539 721 2631 Nympham
741 2537 929 2627 compressit
949 2549 982 2605 et
1002 2540 1168 2629 gravidam
1192 2544 1275 2615 serait.

141 2628 363 2713 Quamquam
385 2627 471 2692 Juno
493 2639 750 2714 persequeretur,
770 2624 822 2689 illa
842 2626 967 2694 'Petrae
987 2624 1165 2715 imploravit
1186 2634 1276 2700 auxi·
1299 2666 1303 2675 ·

98 2712 235 2791 aelium,
267 2714 299 2777 in
321 2712 411 2800 cujus
444 2713 529 2779 sinus
562 2724 716 2800 recepta,
746 2709 837 2776 enixa
864 2720 916 2779 est
940 2713 1102 2798 geminos,
1136 2717 1276 2789 necdum
1315 2752 1317 2759 ·

163 2810 233 2864 artu
254 2808 388 2863 maturo.
433 2797 509 2876 Vel,
531 2808 568 2863 ut
587 2798 636 2861 alii
658 2797 777 2887 dieunt,
798 2796 944 2886 Juppiter
967 2798 1079 2867 timens
1101 2801 1275 2888 lunonem,
1306 2834 1317 2861 ·.

138 2822 265 2949 ll'errae
286 2881 529 2948 commendabat
549 2882 668 2970 ipsam3
703 2882 880 2950 secundum
908 2881 1003 2964 alios,
1035 2898 1163 2975 partum
1196 2889 1274 2981 ejus.
1307 2923 1317 2955 r

138 2967 211 3034 Hos
234 2981 320 3036 terra
341 2968 423 3033 intra
443 2968 600 3055 gremium
622 2992 721 3036 suum
736 2980 802 3041 tam
824 2968 879 3034 diu
911 2969 1007 3050 fovit,
1041 2973 1195 3057 quamdiu
1222 2977 1275 3046 lex
1312 3004 1316 3013 ·

139 3054 222 3121 uteri
241 3053 436 3142 postulabat,
492 3065 644 3143 osteaque
676 3053 770 3120 enixa
792 3066 850 3122 est.
891 3054 988 3121 Unde
1008 3055 1128 3137 Palici,
1163 3058 1199 3127 id
1224 3075 1276 3133 est
1304 3124 1307 3129 .

97 3136 193 3209 subis
211 3139 348 3225 geniti,
377 3078 524 3227 appellati
543 3155 625 3209 sunt.
680 3138 752 3206 Hos
781 3153 887 3209 autem
910 3142 1052 3217 ¹immites
1085 3144 1204 3226 fuisse,
1239 3161 1275 3218 et
1312 3160 1316 3167 '

140 3224 279 3291 humano
309 3225 466 3312 sanguine
494 3225 614 3313 placari
642 3237 831 3313 consuetos,
865 3226 971 3293 fabula
998 3226 1194 3313 disserente,
1223 3240 1284 3303 est·

137 3312 306 3378 firmatum.
348 3311 469 3378 Postea
490 3312 680 3401 quibusdam
701 3313 801 3385 sacris
821 3313 958 3408 mitigati
978 3327 1068 3396 sunt,
1105 3329 1273 3389 eteorum

137 3397 302 3466 immutata
320 3396 486 3470 sacrificia.
508 3450 514 3457 -

527 3566 596 3647 46.
659 3566 883 3673 Cybele.

95 3723 132 3773 35
224 3694 348 3787 Cybele
374 3704 477 3763 mater
506 3695 638 3762 deorum
677 3695 808 3774 dicitur,
844 3716 929 3783 quae
959 3694 1066 3762 currui
1094 3699 1269 3788 subjunctis
1311 3724 1317 3737 ·

137 3777 281 3849 leonibus
303 3782 433 3849 vehitur.
477 3782 678 3873 Corybantes
699 3783 813 3848 strictis
832 3781 945 3869 gladiis
961 3781 1096 3848 munitos
1112 3786 1269 3855 ministros

136 3864 274 3944 habere,
307 3880 340 3935 et
360 3868 502 3937 turritam
525 3881 655 3956 gestare
685 3890 835 3937 coronam
863 3867 1004 3954 fingitur.
1056 3868 1138 3953 Ideo
1169 3873 1270 3961 igitur
1299 3886 1303 3891 '

137 3963 237 4019 mater
259 3952 390 4020 deorum
415 3976 510 4023 curru
527 3957 595 4023 sebi
617 3953 741 4034 dicitur,
763 3956 837 4043 quia
855 3954 925 4045 ipsa
946 3964 996 4020 est
1013 3967 1108 4033 terra,
1131 3959 1268 4045 quaein

137 4042 213 4103 aere
234 4041 445 4127 suspenditur.
488 4039 566 4107 Ideo
590 4040 763 4108 sustinetur-
781 4040 877 4121 rotis,
912 4040 986 4126 quia
1015 4042 1153 4111 mundns
1182 4046 1268 4112 rota·
1294 4054 1297 4059 “

96 4137 191 4199 autur
225 4133 258 4189 et
296 4125 472 4193 revolubilis
505 4139 562 4195 est
620 4127 699 4193 Ideo
735 4126 765 4192 ei
793 4126 1027 4215 subjunguntur
1056 4127 1183 4212 leones,
1232 4141 1274 4198 ut·

138 4208 341 4292 ostendatur,
374 4224 548 4280 maternam
569 4213 721 4301 pietatem
742 4224 844 4279 totum
865 4233 961 4301 pesse
982 4234 1144 4300 superare.
1185 4214 1266 4283 ldeo
1303 4262 1312 4277 .
