2684 4606
20 1296 26 1305 ‘
69 1283 87 1303 ²
171 1221 699 1372 111133113333331,3111113331.
741 1279 850 1347 Primo
872 1304 954 1370 ergo
975 1284 1113 1353 tradidit·
1127 1287 1158 1353 31
1178 1288 1328 1377 Neptu.

42 100 47 107 ’
169 163 256 241 aas
417 108 703 263 33333333
760 96 1053 239 333.-13.
1144 249 1150 254 ,

40 415 43 437 .
172 364 268 432 quum
290 341 457 410 solestia
479 350 570 444 parte
600 340 680 408 111133
709 340 811 429 signi,
843 341 961 433 pnngit
990 340 1116 432 higna
1145 368 1222 416 nam
1243 347 1296 436 pri·

125 479 134 491 .
172 453 258 498 mum
279 430 505 517 frigusmagrs
541 427 684 496 nocivum
709 439 766 495 est
834 438 841 459 s
1226 435 1235 446 ⁸

256 516 289 579 9.
331 508 472 592 Chiron,
509 513 646 599 optimus
675 511 876 600 sagittarius,
916 514 1072 604 magister
1108 518 1240 586 Achillis
1271 528 1298 587 a

173 600 307 667 nutritor
328 597 521 686 Aesculapii,
542 599 584 663 ob
605 599 810 689 scorpionis,
832 596 873 663 do
892 623 956 687 quo
979 601 1102 669 dictum
1125 617 1177 672 331
1199 627 1297 694 supra,

20 704 24 722 ·
148 680 407 773 oshgittationem
427 696 462 750 et
476 683 528 748 filii
549 682 599 750 331
621 682 837 749 liberationem
858 685 1029 753 translatus
1045 686 1140 754 33113
1161 691 1298 769 3331335

172 784 206 838 31
218 795 257 837 ex
268 794 307 836 eo
320 770 440 855 sactum
450 780 498 835 331
508 768 646 857 signum,
658 769 744 857 quod
756 770 872 835 dicitur
888 771 1095 856 Sagittarius.
1119 776 1179 841 Sol
1191 776 1299 843 dicitur

172 879 245 924 3333
266 857 298 922 13
320 857 365 923 Sa
390 853 506 935 'ttario‚
526 853 602 941 quia
621 854 703 922 sicut
725 877 765 921 ex
786 876 863 921 arcu
885 857 1069 925 emittuntur
1083 862 1240 947 sagittae,
1258 862 1304 929 313-

172 965 269 1031 quum
291 940 337 1009 sol
382 940 505 1018 333311,
516 938 673 1027 33313131
693 939 830 1088 signum,
852 939 938 1009 31333
960 944 1148 1011 emittantur
1162 949 1206 1014 ab
1222 953 1300 1013 3133.

259 1030 308 1094 10.
350 1027 527 1100 83133333,
556 1022 636 1090 filius
659 1026 766 1103 0331,
799 1026 909 1094 habuit
928 1028 961 1094 in
981 1032 1145 1117 responsis
1172 1018 1300 1100 a-''l'he-
1332 1026 1335 1035 ’

131 1111 274 1193 tumide,
296 1111 384 1263 unod
404 1111 569 1213 hqhiturus
591 1121 677 1212 esset
696 1111 811 1212 filiurn,
832 1111 935 1214 ipsum
956 1111 998 1179 de
1019 1136 1125 1217 regno
1153 1118 1300 1207 expulsu-

328 1196 390 1262 nde
412 1194 489 1263 (1331
509 1195 624 1261 Rheae
645 1218 710 1261 uve
731 1196 795 1283 Opr
820 1219 923 1263 sororr
943 1208 976 1265 et
990 1221 1081 1265 uxnrr
1102 1223 1196 1280 3333,
1217 1203 1300 1291 quod

172 1392 266 1448 num,
298 1390 393 1456 quem
413 1366 445 1431 in
465 1388 554 1432 mare
573 1363 759 1445 submersit,
792 1377 825 1433 et
846 1367 949 1435 factus
971 1380 1021 1437 331
1049 1369 1131 1439 deus
1153 1376 1301 1443 marinus.

175 1452 326 1521 Secundo
349 1451 438 1518 dedit
460 1452 488 1518 31
511 1451 709 1532 Plutonem,¹
728 1472 823 1568 quern
846 1452 877 1520 13
901 1453 1026 1522 sorsum
1047 1459 1239 1541 3311333311,
1272 1471 1300 1527 31
1326 1448 1335 1543 ⁴,

33 1572 38 1585 =
131 1541 278 1607 tasactus
306 1551 355 1605 est
382 1536 462 1604 deus
489 1535 671 1603 inferorum.
720 1537 745 1602 'l

753 1535 869 1604 andem
897 1551 971 1607 nato
995 1541 1079 1607 Jove
1107 1544 1212 1611 mirae
1238 1544 1299 1634 pul·

173 1623 377 1702 chritndinis,
408 1622 507 1710 ipsius
537 1621 685 1704 miserta,
721 1622 805 1689 misit
830 1624 972 1692 Saturno
1000 1624 1141 1696 laidem
1180 1631 1300 1698 nomine

171 1709 306 1788 abidir,
344 1729 439 1798 quem
473 1704 670 1795 pulveratum
709 1706 879 1777 devoravit
932 1710 1061 1778 Deine
1097 1727 1234 1802 egestus
1267 1726 1300 1783 31

1319 414 1329 453 1

92 1830 94 1837 ·
173 1796 329 1862 lormatus
370 1805 420 1860 est
449 1792 481 1858 in
513 1792 652 1881 speciem
686 1791 857 1860 humanam
887 1805 920 1861 et
948 1797 1134 1867 vivificatus.
1192 1794 1318 1867 Jorout'

172 1904 248 1946 vero
270 1889 373 1946 mater
393 1876 523 1945 tradidit
544 1875 671 1944 cuidam
692 1876 806 1966 lupae,
846 1902 1048 1969 (1181111111
1072 1907 1138 1951 ¹¹0¹l
1160 1886 1298 1953 1111111111·

28 1986 31 1991 ’
130 1977 223 2033 noret
259 1965 359 2045 lacte,
399 1962 526 2030 nutrivit
563 1963 668 2052 ipsum
706 1961 870 2031 Amalthea
910 1987 1016 2055 capra.
1070 1970 1137 2046 Qut
1179 1971 1298 2059 31131133

174 2053 348 2119 Saturnum
380 2045 422 2115 de
457 2068 560 2134 regno
590 2046 747 2135 3333111,ι
773 2050 868 2117 3113
899 2050 960 2118 3113
987 2065 1077 2141 33131
1110 2057 1238 2140 fabula;
1271 2068 1298 2125 et

173 2136 370 2205 Amaltheam
408 2155 554 2222 capram,
597 2135 828 2222 3333133333
875 2138 1067 2220 nutriverat,
1102 2141 1137 2208 13
1181 2143 1297 2211 caelum

60 2237 64 2252 ¹
172 2221 350 2301 transtulit,
373 2229 406 2286 et
425 2242 466 2286 ex
488 2242 527 2286 33
549 2218 670 2286 sautum
693 2232 742 2287 331
761 2221 907 2307 signum,
941 2224 1028 2312 quod
1048 2225 1169 2295 dicitur
1190 2229 1295 2318 Capri·

173 2331 300 2376 cornus.
343 2305 401 2374 Sol
422 2304 539 2373 dicitur
572 2328 644 2373 3333
670 2305 702 2372 13
730 2306 946 2394 Capricorno,
985 2309 1060 2413 quia
1088 2313 1176 2383 31331
1208 2336 1295 2404 capra

129 2412 166 2462 25
173 2394 255 2484 petit
273 2394 352 2474 3113,
372 2393 417 2459 113
438 2390 486 2457 331
532 2411 607 2457 unm
628 2402 678 2458 est
702 2392 733 2457 13
755 2392 859 2457 medio
884 2392 962 2460 illins
984 2397 1086 2483 sigui,
1119 2420 1220 2488 quum
1240 2421 1294 2469 uon

172 2481 274 2571 possit
295 2480 363 2568 plus
387 2413 603 2557 descendere,
623 2487 701 2542 tunc
720 2478 829 2578 incipit
846 2478 1031 2549 ascendere.

260 2568 310 2632 11.
336 2561 577 2651 ,Ganymedem
598 2560 678 2628 111133
693 2562 792 2628 Troih
817 2565 902 2650 regis
920 2565 1041 2654 'l'rojae
1062 2524 1317 2655 pulcherrima

174 2663 358 2719 313333133
385 2649 539 2739 optimus,
574 2645 708 2714 dilectus
735 2648 879 2731 31333,
915 2665 1025 2740 raptus
1055 2655 1175 2720 33131)
1204 2678 1243 2722 33
1267 2655 1316 2723 in.

173 2737 235 2803 Ida
256 2738 331 2805 silvn
352 2758 410 2827 per
432 2732 585 2822 aquilam,
605 2732 746 2799 nuntiam
766 2734 871 2812 Jovis,
901 2734 933 2801 13
955 2759 1051 2824 quam
1074 2738 1177 2806 fertur
1193 2740 1309 2893 133333·

129 2837 223 2889 auter
243 2833 321 2890 1333
341 2831 491 2889 mutatus.
533 2815 660 2883 Deinde
681 2815 814 2905 depulsa
836 2821 947 2901 Hebe,
976 2823 1040 2888 lilia
1058 2823 1215 2906 1333313,
1275 2896 1280 2909 ,

167 2909 349 2998 juventutis,
367 2928 450 2995 quae
464 2903 549 2991 prius
572 2914 640 2970 erat
651 2904 802 2992 pincerna
815 2903 959 2987 deorum,
979 2909 1188 2998 Ganymedes
1201 2914 1293 2979 133133

173 3006 223 3061 331
244 2995 393 3082 pincerna
413 2991 518 3068 Jovis,
546 2989 600 3075 qui
631 3000 764 3076 propter
783 2992 920 3078 gratiam
941 2995 1169 3083 propinationis
1190 2996 1294 3064 meruit

48 3113 66 3138 1
171 3080 242 3146 fieri
263 3081 389 3166 signum
411 3074 564 3154 caeleste,
585 3075 672 3162 quod
693 3077 847 3162 Aquarius
865 3076 987 3144 dicitur.
1028 3079 1074 3146 Et
1094 3080 1212 3150 dicitur
1230 3081 1311 3157 111331

171 3177 303 3253 gestare
327 3186 439 3232 urnam
474 3161 506 3226 in
532 3181 629 3226 manu
654 3174 784 3249 propter
816 3163 966 3252 temporis
992 3167 1230 3252 proprietatem.

131 3269 167 3319 33
260 3251 312 3318 12.
353 3248 542 3316 Imminente
574 3247 737 3334 Giganteo
773 3247 871 3328 bello,
904 3250 1013 3317 Vanus
1040 3274 1115 3318 cum
1145 3252 1297 3345 Cupidine

174 3337 321 3404 filiosuo
349 3336 381 3400 13
408 3331 589 3400 Palaestina
616 3333 752 3419 regione
783 3334 917 3400 sedebat
949 3358 1047 3424 super
1076 3337 1171 3405 litore
1198 3340 1316 3411 marias.

173 3422 271 3490 Unde
291 3444 389 3512 quum
407 3417 533 3486 audiret
551 3417 720 3485 tumultum
742 3419 831 3499 belli,
861 3417 1013 3488 credebat
1037 3421 1231 3512 Typhoeum
1250 3442 1308 3493 33·

173 3512 227 3598 qui
247 3532 283 3576 33
302 3518 486 3597 rapturum;
520 3516 554 3570 31
587 3502 660 3568 ideo
685 3505 733 3569 ob
761 3504 889 3570 nimium
920 3505 1064 3573 timorem
1086 3533 1124 3576 33
1144 3533 1219 3579 oum
1239 3511 1295 3577 lilio

172 3595 306 3685 projecit
326 3595 358 3659 13
380 3613 477 3659 mare.
527 3589 603 3656 Duo
625 3598 731 3656 antem
753 3591 856 3677 313333
882 3591 1056 3658 immensae
1075 3596 1299 3682 magnitudinis

129 3693 387 3771 cosupponentes
407 3680 556 3745 humeros
585 3697 677 3750 3333,
718 3672 800 3743 ultra
838 3698 926 3742 mare
952 3677 1092 3748 tulerunt
1128 3704 1195 3751 333.
1250 3680 1300 3749 ut

30 3777 35 3785 '
171 3780 277 3833 autem
299 3767 438 3832 videntes
461 3784 571 3828 eornm
593 3761 721 3848 fugam,
754 3760 796 3827 ad
819 3759 1071 3850 designationem
1101 3765 1302 3858 1313313311.

172 3875 229 3917 333
251 3853 406 3940 31333313
428 3848 550 3917 caelum
570 3845 814 3930 transtulerunt;
843 3860 934 3915 etex
953 3849 989 3916 113
1012 3851 1132 3919 facturn
1166 3864 1216 3922 est
1236 3857 1305 3942 sig.

79 3940 83 3960 ¹
171 3961 264 4015 num,
297 3937 383 4026 quod
411 3936 526 4002 dicitur
560 3932 682 3997 Pisces.
734 3932 791 4000 Sol
820 3932 935 4003 dicitur
960 3957 1031 4002 3333
1059 3937 1090 4002 13
1109 3942 1248 4028 Aquario
1268 3948 1302 4007 et

171 4023 318 4090 Piscibus
339 4035 468 4112 propter
499 4016 735 4109 proprietatem.
790 4020 886 4086 Tunc
918 4020 1000 4085 euim
1029 4022 1147 4092 multae
1169 4026 1302 4094 cadunt·

128 4120 335 4197 4331333331
368 4111 461 4174 nives.
523 4103 607 4171 Nam
641 4103 789 4193 aquapius
823 4115 929 4194 portat
958 4127 1089 4191 urnam,
1131 4121 1165 4179 et
1198 4112 1302 4202 piscor

48 4200 81 4221 ¹*
162 4207 388 4285 sempersuat
408 4193 440 4262 13
463 4191 565 4284 aquis.
1299 4232 1302 4239 ·
