2684 4606
142 55 176 153 cp.
199 39 395 141 hospilio»,
411 39 810 141 'llas-apuam,
834 39 964 107 roffi
995 39 1078 105 ug·
1095 39 1333 93 mmm

116 168 250 266 Μ·
339 206 380 287 k
403 156 586 261 Myrtogr.
614 154 951 291 ¹¹¹·....⁶f.„..h⁴.):„‚„
1111 98 1257 263 ἦ,

76 344 231 413 „Genium
258 355 428 435 praeterea
456 342 555 413 deum
576 364 649 411 esse
671 342 846 411 naturalem
867 342 945 423 dieit
964 296 1152 432 ttdntgtas,
1179 346 1235 434 qui

89 432 232 498 omnium
258 453 368 498 rerum
395 441 526 521 praeest
550 430 821 518 generationibus.
866 431 972 498 Genio
1003 442 1111 500 autem
1130 429 1235 498 indui-

89 539 173 606 gore
204 515 356 596 dicimus,
394 517 544 604 quotiens
565 515 726 603 ,voluptati
753 539 885 604 operam
914 517 1037 584 damus.
1088 516 1186 585 Unde
1213 540 1234 585 e

89 602 254 670 contrario
275 603 431 670 habemus
460 603 493 669 iu
517 601 690 669 Terentio:
724 601 804 668 Sive
827 598 1047 689 defraudans
1068 600 1231 668 Genium.

90 687 161 755 Sed
193 710 256 755 ueo
289 688 426 776 aliquem
459 708 533 755 esse
565 688 634 753 siue
657 687 761 754 Genio
778 740 783 747 .
800 686 905 755 looum
938 687 1067 754 voluere
1100 687 1258 775 priorest
1312 710 1322 719 ’

90 771 190 841 Unde
208 774 243 842 in
264 775 291 840 V
313 772 472 841 Aeneidos
493 772 536 838 de
557 795 665 862 ungue
683 775 724 838 ab
740 773 898 840 Anchisae
911 773 1032 840 tumulo
1047 785 1234 861 erumpente

90 859 227 947 legitur:
259 863 420 927 Incertus
440 857 635 924 Geniumne
664 857 743 924 loci.
783 858 869 925 Nam
888 858 975 946 quod
998 857 1141 927 additum
1166 870 1233 927 est:

84 945 314 1032 ‚famulumne
331 944 513 1032 pareretis,
540 944 581 1010 ab
602 944 731 1033 antique
751 940 828 1010 duci
849 943 1079 1012 consuetudine
1101 943 1234 1013 ridetur.
1304 960 1319 1013 ,¹

92 1030 171 1099 Fuit
201 1031 285 1096 euim
312 1052 383 1096 mos
412 1028 585 1118 majorum,
619 1042 659 1097 ut
695 1030 841 1117 quotiens
875 1051 972 1117 reges
1006 1031 1234 1111 moriebantur,

92 1138 167 1183 eum
194 1115 245 1182 his
265 1113 380 1182 'dilecti
400 1114 484 1203 'equi
511 1114 560 1180 rel
581 1116 664 1181 servi
683 1128 716 1183 et
735 1138 800 1183 une
820 1115 863 1183 de
885 1118 1038 1183 uxoribus
1061 1117 1277 1191 carioris-10

90 1198 325 1282 eendereutur3
353 1200 436 1267 inter
464 1222 544 1287 quas
573 1199 615 1266 de
642 1202 706 1267 hoo
734 1202 804 1304 ipso
830 1224 949 1287 magua
970 1215 1041 1270 erat
1061 1202 1235 1270 eontentio.

91 1286 264 1359 Famulum
294 1306 375 1374 ergo
404 1307 530 1354 servum
559 1309 633 1353 oum
655 1287 793 1354 Auohrse
813 1289 971 1377 sepultum
993 1289 1143 1377 accipere
1159 1311 1236 1378 pos·

92 1395 213 1440 sumus.
244 1371 390 1461 Sinopen
401 1370 588 1459 apotheosin
603 1393 676 1439 eum
689 1379 786 1460 poeta
797 1372 892 1441 deum
908 1373 1046 1443 ostendit
1066 1376 1235 1456 effeetum3
1293 1404 1295 1409 ·

92 1459 179 1525 unde
201 1471 235 1527 et
255 1458 407 1525 famulum
421 1457 455 1523 ‘ei
477 1456 535 1523 dat
553 1458 644 1546 quasi
666 1459 851 1527 ministrum.
895 1460 1034 1547 Singula
1063 1461 1147 1526 enim
1176 1483 1235 1526 nu-

92 1546 197 1624 mine,
228 1557 265 1613 ut
286 1544 392 1632 ajunt,
423 1542 779 1630 superioreinl'erioros
800 1557 976 1632 potestates
998 1545 1153 1613 ministras
1177 1545 1277 1613 ha-lo

93 1632 187 1706 bent,
211 1640 251 1697 ut
270 1631 379 1696 Venus
399 1626 561 1708 Adonem,
588 1639 693 1695 mater
713 1629 809 1697 dedm
830 1631 919 1711 Atio,
948 1628 1092 1709 Minerva
1120 1631 1236 1696 Erioh-
1280 1630 1285 1643 ¹

93 1715 261 1795 monium,
292 1715 398 1783 Diana
427 1714 590 1793 Virbium,
618 1714 769 1784 Baeehus
797 1712 985 1806 Marsyam.¹
1011 1720 1075 1783 Aut
1105 1729 1193 1784 uerte
1210 1716 1237 1783 'a
1288 1717 1290 1722 ⁴

94 1800 306 1891 Pythagorae
336 1799 511 1868 assertione
538 1801 757 1887 excogitatum
785 1813 852 1883 est,
885 1802 939 1891 qui
964 1803 1085 1890 primus
1107 1801 1159 1868 de
1168 1825 1237 1869 me·
1282 1876 1284 1883 ¹
1310 1884 1313 1889 ἡ

95 1887 199 1967 dulia,
220 1887 355 1977 quaein
376 1886 468 1975 spina
488 1885 622 1954 hominis
645 1899 710 1967 est,
730 1909 871 1975 anguem
893 1888 996 1954 creari
1017 1887 1237 1977 deprehendit.

94 1971 194 2048 Quod
229 1984 262 2040 et
280 1971 414 2040 Ovidius
441 1971 473 2038 in
499 1971 562 2040 XV
590 1974 891 2062 metamorphoseon
917 1973 1001 2043 inter
1026 1974 1281 2064 Pythagoraena

96 2061 184 2128 dieta
211 2068 450 2126 commemorat.
492 2064 539 2124 An
567 2057 674 2125 uiuam
703 2072 810 2127 autem
835 2059 939 2126 Genio
960 2059 1148 2149 plerumque
1169 2059 1239 2125 deri
1336 2129 1339 2134 ,

95 2144 239 2234 speeiem
269 2145 422 2212 norimus.
463 2143 510 2210 Ut
536 2078 685 2212 Uersius:
720 2146 841 2234 Pinge
872 2147 959 2211 duos
986 2169 1134 2233 angues.
1175 2148 1240 2213 An-

95 2252 180 2319 gues
201 2231 337 2298 enimin
360 2228 576 2320 penetralibus
597 2240 756 2298 tectorum
778 2242 924 2319 repertos
945 2232 1049 2299 minus
1069 2228 1173 2320 periti,
1200 2240 1238 2300 ut

95 2315 198 2384 innuit
220 2317 368 2395 Servius,
389 2324 575 2401 togatorum
594 2313 766 2384 daemones
788 2339 861 2385 ease
879 2319 1046 2407 putebant,
1069 2338 1150 2405 quos
1169 2316 1237 2384 Im-
1330 2348 1334 2353 ’

95 2403 171 2484 tini,
203 2401 321 2492 inquit,
348 2401 470 2468 Genios
493 2411 619 2469 vocant.
1245 2427 1283 2481 2⁵

180 2488 235 2555 20.
277 2485 374 2563 Quod
401 2498 508 2555 autem
531 2508 591 2575 per
611 2506 724 2553 norem
743 2483 878 2555 circulos
895 2484 1054 2554 infernum
1081 2483 1241 2555 distribuit
1274 2488 1280 2525 ’-

97 2573 268 2661 duginna,
283 2573 420 2657 diosus,
444 2573 581 2662 primurn
601 2583 712 2640 tenere
735 2571 855 2640 animas
875 2572 1041 2654 infantum,
1062 2571 1243 2638 seeundum

97 2681 173 2727 esse
200 2680 331 2739 eorum,
362 2659 417 2748 qui
444 2680 503 2748 per
530 2657 760 2747 simplieitatem
791 2658 851 2726 sibi
878 2656 993 2727 adesse
1020 2659 1239 2746 nequiverunt,

96 2743 246 2827 tertium,
280 2745 335 2834 qui
365 2745 498 2812 uitantes
521 2765 688 2811 aerumnas
712 2764 750 2809 se
769 2752 980 2826 necaverunt,
1007 2755 1154 2832 quartum
1183 2765 1239 2809 eo-

96 2852 192 2915 rum,
216 2830 270 2921 qni
291 2839 454 2910 amarunt,
482 2831 626 2919 quintum
644 2830 784 2897 virorum
806 2830 951 2911 fortium,
975 2843 1100 2898 sextum
1121 2851 1307 2913 nonen-soff

96 2918 197 2998 tium,
227 2916 282 3005 qui
311 2915 511 3006 ajudioibus
531 2916 722 3004 puniuntur,
753 2917 938 3005 septimum,
968 2915 1001 2985 in
1024 2940 1093 3004 quo
1116 2916 1241 2987 animae

58 3001 61 3007 ’
97 3014 299 3094 purgantur,
329 3014 476 3069 octavum
503 3002 679 3069 animarum
692 3001 761 3090 jam
782 3006 1013 3092 purgaturum,
1041 3013 1078 3090 ut
1097 3002 1242 3080 redeant,

98 3111 222 3155 nonum
251 3112 321 3155 eum
344 3110 399 3155 um
429 3087 592 3177 Elysium,
626 3111 646 3155 a
676 3108 740 3175 quo
773 3091 897 3159 suimee
928 3111 992 3155 uon
1018 3100 1242 3167 revertantur;
1329 3090 1332 3095 '

60 3234 67 3243 .
97 3174 149 3242 vel
179 3184 283 3241 totum
317 3113 496 3241 hhubsum
525 3184 594 3253 est,
623 3173 692 3255 rel,
721 3185 758 3240 ut
789 3175 833 3243 ait
861 3175 1009 3255 Servius,
1042 3174 1242 3241 subtilissime

98 3260 314 3329 adinventum.
357 3259 423 3334 Qua
442 3282 536 3340 emm,
557 3271 667 3349 rnqurt,
694 3259 784 3327 altius
806 3259 848 3326 de
868 3260 978 3326 mundi
999 3261 1121 3328 ratione
1142 3281 1284 3347 quae-35>

98 3347 260 3428 siverunt,
279 3347 363 3413 iutra
382 3345 442 3412 hos
463 3368 576 3413 novem
597 3342 706 3413 mundi
727 3346 863 3414 eireulos
884 3347 1021 3413 inclusas
1039 3346 1149 3415 dieunt
1169 3366 1242 3426 esse

96 3433 253 3512 viantes,
285 3431 320 3497 id
341 3444 392 3499 est
412 3441 588 3520 potestates
608 3430 722 3499 minori
740 3433 938 3520 perfectione
959 3428 1139 3520 praeditas;
1165 3429 1244 3499 due-

98 3541 213 3587 moues
240 3516 402 3596 videlieet,
432 3517 465 3583 in
492 3519 606 3606 quibus
636 3529 670 3586 et
692 3517 858 3587 iracundia
881 3519 921 3587 sit
942 3531 975 3586 et
994 3517 1167 3607 cupiditas,
1200 3512 1244 3582 de

98 3606 218 3694 quibus
238 3603 365 3671 tristitia
387 3603 548 3683 nascitur,
576 3604 610 3671 id
641 3613 691 3670 ost
712 3603 802 3693 Styx.
845 3607 893 3671 Ab
914 3604 964 3671 his
986 3604 1087 3690 igitur
1108 3616 1141 3671 et
1159 3603 1244 3670 intra

100 3692 187 3759 haeo
217 3688 357 3759 elaustro
389 3689 491 3776 puniri
527 3689 728 3758 manifestum
758 3701 808 3759 est
838 3712 949 3758 omnes
981 3692 1119 3764 animas,
1158 3709 1287 3777 quaem

99 3777 287 3864 puniuntur.
336 3774 435 3841 Unde
464 3775 590 3857 dieunt,
622 3798 734 3842 uorem
767 3798 840 3844 esse
867 3775 1002 3843 oiroulos
1030 3776 1158 3865 Stygis,
1190 3774 1244 3861 qui

100 3863 223 3930 inferos
246 3861 398 3949 (tingunt,
426 3860 460 3928 id
482 3873 531 3929 est
551 3874 686 3944 terram;
717 3859 890 3929 daemones
910 3861 1030 3928 scilieet
1051 3877 1084 3928 et
1102 3864 1244 3951 ipsorum

102 3947 297 4016 habitacula.
354 3946 437 4013 Alias
477 3948 562 4017 euim
594 3948 704 4016 dieunt
732 3971 806 4017 esse
834 3947 1041 4038 purgationes
1070 3945 1252 4016 extrahes

104 4034 261 4105 circulos.
295 4043 471 4122 potestates
509 4035 593 4101 bona
626 4045 747 4102 tanturn
784 4033 1056 4113 administrantes,
1094 4056 1156 4100 neo
1185 4032 1246 4098 rim

103 4121 200 4187 ullam
231 4119 323 4185 alioui
349 4117 533 4186 inserentes.
586 4119 671 4191 Nam
700 4119 752 4186 illa
778 4120 840 4190 Ful
868 4119 942 4191 eutii
971 4119 1015 4189 de
1041 4120 1091 4187 his
1120 4117 1307 4195 oireulista¹

105 4218 290 4277 commenta
310 4203 433 4299 subtilia
456 4203 604 4293 quidem,
626 4204 684 4274 sed
707 4204 791 4275 tradi
808 4144 951 4297 indiga<
961 4205 1121 4298 iudaeam,
1137 4203 1265 4287 athnoe
