2684 4606
400 200 403 205 <
439 144 621 264 ll‘lplhogr.
651 120 719 222 Π.Ι
761 146 834 222 78.“
862 176 865 183 ·
1133 147 1210 261 101

62 326 249 424 praecepto,
270 335 302 401 in
318 357 389 402 eam
403 318 523 405 terram
534 334 674 416 devenit,
698 358 782 425 qnae
798 301 964 436 postdapa
974 327 1211 415 borasBoeotm

63 421 150 487 dicta
180 434 239 489 est.
283 423 392 497 Quum
422 435 529 491 autem
560 422 603 491 ad
629 424 742 491 Martis
773 422 895 489 sontem
923 418 1028 493 socios
1056 430 1208 507 aquatum

61 507 217 588 misisset,
243 508 280 575 ¹et
299 509 367 597 ipse
394 507 472 574 illuc'
496 521 569 598 post
597 530 653 575 eos
677 508 831 590 venisset;
859 517 895 579 ut
918 504 995 572 vidit
1015 526 1034 570 a
1055 502 1207 588 dracone,
1308 583 1313 601 ἶ

62 592 117 679 qui
137 592 237 679 Marti
257 606 328 660 erat
350 608 574 668 consecratus,
603 592 709 665 socios
731 605 932 672 consumtos,
958 603 1139 678 serpentem
1158 591 1207 659 in-

62 679 207 760 teremit,
239 691 272 747 et
299 678 410 748 dentes
435 681 504 770 ejus
524 676 621 748 sevit:
651 703 690 748 ex
713 681 828 768 quibus
849 679 1084 764 terrigenarum
1101 676 1231 747 multia

58 759 140 832 tudo
160 764 398 853 progignitur,
412 789 496 853 qnae
516 789 553 833 se
574 767 691 833 mutuis
717 766 896 834 vulneribus
917 764 1092 837 interemit,
1112 763 1205 852 quin-

62 872 127 936 que
142 859 252 917 tamen
266 875 302 918 sn
327 851 499 931 erstitibus,
512 874 648 941 qnorum
663 852 790 920 nomina
804 854 902 921 haec:
924 846 1060 936 chipp,
1074 846 1204 937 Idaeus,

62 935 254 1018 Chromin,
291 875 447 1014 Helorus,
478 938 682 1028 Hyperenor.
743 939 808 1014 Qui
839 938 1003 1005 Minervae
1042 930 1205 1021 voluntate
1326 1015 1330 1019 ¹

60 1019 186 1088 Cadmo
217 1032 251 1089 et
281 1024 466 1112 Amphioni,
499 1036 611 1093 cantus
634 1022 823 1106 dulcedine,
855 1037 896 1092 ut
912 1044 972 1089 sna
990 1034 1105 1110 sponte
1125 1045 1204 1105 saxa

58 1107 158 1175 muris
179 1131 217 1177 se
238 1109 455 1195 imponerent,
478 1110 645 1190 efficienti,
667 1110 830 1202 adjutores
852 1107 1093 1178 condendarum
1111 1109 1240 1179 'Phe-tu

62 1194 177 1261 barum
197 1192 318 1276 additi,
348 1207 381 1265 et
400 1196 560 1286 principes
581 1197 669 1265 urbis
691 1208 766 1266 sunt
787 1197 872 1266 facti.
1198 1254 1202 1279 ,.
1304 1268 1309 1299 ,

300 1508 303 1512 ‡
421 1466 529 1542 '73⁰
566 1469 807 1545 Cadmus.
1112 1529 1114 1532 .
1198 1438 1277 1511 'gy

140 1622 265 1712 Nupsit
286 1614 430 1693 Cadmus
453 1624 671 1705 Hermionae,
692 1645 776 1712 qnae
797 1633 873 1690 nata
893 1632 963 1697 erat
984 1643 1024 1688 ex
1046 1618 1201 1688 adulterio

28 1760 31 1767 ,
59 1708 173 1777 Martis
196 1721 230 1777 et
251 1710 385 1778 Veneris
393 1735 405 1791 ,·
431 1708 602 1796 sed-malo·
617 1709 731 1777 omine.
773 1709 842 1775 Pos
877 1732 950 1775 nam
972 1707 1094 1775 fihabns
1117 1707 1201 1777 Solis

57 1796 169 1863 Venus
200 1819 326 1863 amores
355 1797 499 1875 immisit,
529 1809 563 1865 et
582 1794 740 1883 singulae
766 1795 843 1864 exiti
875 1796 883 1811 '
913 1796 1026 1860 morbo
1049 1792 1235 1882 detentneto

56 1876 264 1962 interierunt,
292 1878 455 1950 Vulcanus
483 1882 646 1975 Minervae
676 1881 805 1948 consilio
835 1880 950 1947 monile
974 1891 1045 1947 astu
1064 1880 1203 1970 perfecit

57 1967 155 2052 (nam
174 1967 335 2034 consciam
359 1969 433 2036 facti
455 1968 629 2053 Minervam
650 1968 794 2039 indicant
814 1967 898 2033 oculi
920 1969 1115 2053 Gorgonae,
1146 1967 1202 2054 qui

57 2053 90 2117 in
113 2050 229 2120 eodem
252 2053 358 2120 monili
379 2056 517 2142 gemmis
539 2067 630 2123 erant
650 2054 788 2142 inserti).
810 2140 812 2144 μ
832 2053 927 2121 Fecit
946 2076 1026 2140 ergo
1041 2054 1201 2121 Vulcanus

56 2138 174 2215 monile
201 2138 449 2228 pulcherrimum
475 2140 602 2209 infausti
634 2140 765 2222 ominis,
799 2140 847 2206 ita
875 2150 918 2206 ut'
942 2160 1084 2207 necesse*
1113 2151 1201 2207 esset

57 2223 123 2289 hoc
152 2224 285 2307 monile=
307 2237 488 2315 gestantem
522 2249 746 2293 aerumnarum
781 2225 863 2291 mole
895 2225 1038 2314 opprimi.
1100 2224 1274 2300 Quodne*

58 2307 149 2376 dedit
176 2310 393 2395 Hermionae,
433 2313 544 2379 Martis
581 2325 614 2380 et
646 2311 778 2378 Veneris
798 2311 913 2393 filiae,
946 2334 1044 2398 quum
1073 2310 1200 2378 Cadmo

57 2397 216 2482 Agenoris
238 2392 301 2462 tilio
324 2398 468 2463 nuberet.
513 2396 720 2485 (injusmalo
739 2398 846 2464 omine
867 2394 965 2463 multa
986 2396 1120 2485 adversa
1142 2421 1200 2485 pa-

57 2478 157 2562 tiens,
197 2483 366 2550 novissime
399 2482 524 2550 Cadmo
556 2485 590 2549 in
618 2483 777 2574 Illyricum
806 2482 978 2549 infortunia
994 2520 995 2523 =
1010 2480 1200 2552 Thebarum
1296 2535 1299 2540 -

57 2565 219 2653 fugiente,
249 2591 322 2634 cum
347 2592 387 2636 eo
414 2572 445 2635 in
475 2569 648 2637 draconem
677 2577 833 2635 conversa
864 2582 924 2636 est.
979 2566 1106 2634 Deinde
1134 2566 1200 2635 hoc
1235 2589 1242 2606 “

56 2652 172 2719 monile
201 2652 329 2721 Semele
357 2656 508 2744 portavit,
537 2679 621 2744 quae
643 2653 783 2722 'fulmine
811 2654 899 2720 Jovis
925 2653 1052 2722 interiit.
1103 2648 1240 2726 Idemaa

56 2738 168 2804 habuit
194 2739 272 2820 Ino,
306 2763 407 2828 quae,
432 2742 542 2808 occiso
572 2765 592 2808 a
621 2743 734 2808 marito
762 2740 951 2807 Athamante
975 2762 1033 2826 per
1054 2739 1198 2823 furorem

56 2847 121 2890 uno
143 2848 185 2891 en
203 2825 273 2892 liliis
292 2824 460 2909 Learcho,
482 2851 555 2894 cum
577 2827 655 2910 alio,
676 2827 710 2892 id
732 2839 782 2893 est
801 2826 1030 2902 Palfiemone,
1044 2848 1081 2892 se
1101 2849 1196 2915 prae·
1240 2896 1244 2904 ,

56 2910 199 2997 cipitavit
239 2912 271 2991 ip
309 2934 414 2992 mare,
458 2916 495 2980 nt
527 2914 629 2980 mariti
664 2913 857 3002 insequentis
894 2913 1008 2980 vitaret
1031 2911 1196 2981 insaniam.
1217 2908 1273 2959 s

56 2997 139 3062 Post
167 2996 279 3065 habuit
308 2999 437 3085 Agave,
479 3021 562 3086 quae
598 3011 632 3087 et
663 2998 733 3086 ipsa
760 2999 856 3063 filium
887 2997 996 3063 furore
1026 2999 1211 3087 percussit,

54 3082 131 3148 Hae
157 3081 257 3169 igitur
283 3083 469 3168 praedictae
505 3085 587 3150 filiae
615 3085 729 3151 Cadmi
761 3097 794 3150 et
825 3085 1022 3149 Hermionae
1055 3084 1237 3161 fuerunta'c
1294 3130 1303 3151 s

55 3168 182 3235 Habuit
210 3181 244 3236 et
276 3168 421 3247 Iocasta,
455 3192 539 3258 quae
570 3192 629 3258 per
660 3192 801 3236 errorem
819 3169 894 3234 ·s1lio
922 3166 1050 3257 Oedipo
1078 3172 1194 3263 nupsit.

54 3253 179 3321 Habuit
201 3265 235 3320 et
257 3256 376 3340 Argia,
399 3253 525 3322 Adrasti
547 3256 633 3344 regis
656 3257 737 3337 filia,
759 3279 778 3320 a
799 3256 915 3344 marito·
932 3256 1103 3340 Polynice,
1133 3279 1193 3345 per

53 3338 265 3405 hereditatem
291 3343 423 3420 sortito,
453 3364 493 3406 eo
523 3340 660 3422 donata;
714 3364 775 3407 nae
806 3340 891 3406 idern
919 3342 1033 3407 monile'
1060 3355 1193 3430 propter
1312 3362 1315 3375 ¹

39 3423 255 3513 vprodendum
275 3427 425 3493 maritum
446 3428 669 3515 Amphiaraum
692 3366 882 3516 Hriphylae,
907 3427 975 3518 ejus
996 3429 1103 3508 uxori,
1125 3430 1193 3495 tra·'

54 3510 151 3589 didit,
171 3530 268 3598 qnam
284 3524 398 3613 postea
411 3513 493 3578 filins
508 3513 679 3593 Alcmaeon
697 3515 729 3579 in
749 3511 919 3579 vindictam
941 3515 1039 3602 patris
1061 3514 1233 3582 occiditnn

53 3597 254 3686 Orestesque
283 3601 412 3678 lurore,
443 3600 551 3678 occisa
581 3611 700 3678 matre,
734 3610 918 3698 correptus,
956 3599 1041 3666 idem
1062 3601 1191 3681 ¹monile

51 3682 184 3770 Apollini
206 3685 415 3750 consecravit.
459 3684 608 3759 Quodn
632 3686 754 3752 sontem
775 3696 963 3773 projectum,
983 3684 1081 3752 hodie
1102 3684 1199 3753 cerni'

52 3767 176 3835 dicitur.
219 3768 317 3844 Quod
338 3771 364 3836 si
387 3769 456 3859 quis
478 3772 709 3850 attrectaverit,
742 3769 851 3836 dicunt
877 3771 977 3837 solem
1007 3770 1126 3838 offendi
1156 3785 1189 3841 et

52 3863 259 3942 tempestates
298 3855 383 3922 oriri.
433 3856 581 3931 Quatnor
612 3870 719 3925 autem
746 3860 890 3937 so‘rores,
925 3856 1002 3939 Ino,
1030 3862 1198 3939 Autonoe,

52 3940 197 4018 Semele,
233 3943 364 4028 Agave,
400 3941 484 4008 filiae
523 3941 639 4009 Cadmi
676 3965 748 4009 esse
784 3941 954 4020 dicuntur,
998 3945 1072 4048 qnia
1108 3965 1234 4048 qua-tu

50 4037 213 4094 tnorsnnt
233 4026 396 4101 ebrietatis
418 4051 557 4115 genera,
580 4028 763 4107 vinolentia,
796 4048 902 4094 rernm
925 4027 1056 4113 oblino,
1077 4029 1185 4113 libido,

49 4110 180 4185 insania
236 4110 336 4181 Unde
368 4125 403 4185 et
438 4115 567 4183 nomina
606 4116 688 4184 haec
729 4123 869 4205 quatuor
901 4114 1055 4185 Bacchae
1093 4124 1195 4211 acce'

50 4205 323 4285 perunt'..
451 4204 454 4209 ’
