2684 4606
192 199 324 276 un..
345 198 497 277 criticae
517 201 553 275 t.
578 199 692 303 ...1.
714 140 786 296 1'113
814 196 865 296 s,
892 195 1084 312 stt-ou.
1125 200 1241 317 111,

79 416 113 429 -
132 392 170 442 30
188 385 268 440 color.
286 395 375 438 mutat
394 386 418 439 L
435 386 470 442 N.
489 414 525 426 -
540 390 574 438 31
601 382 728 451 mmirris)
746 381 841 436 caloris
857 383 898 439 M·
912 412 949 425 -
962 385 1053 456 prov.)
1075 386 1174 456 phisici
1190 391 1215 445 L

78 460 114 514 N.
130 490 168 500 —
185 463 222 512 32
239 457 318 526 solis)
335 458 437 511 scilicet
454 457 487 514 L.
506 485 541 497 -
558 455 692 523 illa)'am.
705 456 735 515 L
753 455 787 512 N.
805 482 842 494 -
860 455 892 505 oe
915 451 999 513 eluvie
1022 457 1142 524 conficta
1166 481 1213 513 ρο.

78 540 143 583 cant
160 531 201 597 L3
220 530 252 582 de
267 529 378 602 dimitig
396 529 513 598 aorficta
529 528 624 579 dicunt
641 527 677 580 N.
693 554 730 567 -
745 531 781 580 35
795 524 1024 594 splendidissimus
1040 529 1064 582 L
1079 532 1115 584 N.
1130 537 1214 587 -36
1295 578 1317 605 .-

75 601 169 660 oocab.
187 620 292 674 quoque
307 600 369 653 iude
387 610 423 656 tr.
440 601 477 654 N.
493 628 530 639 -
546 604 582 655 31
600 597 672 670 quod
681 600 745 666 jux.
763 598 787 651 L
806 598 841 651 N.
859 626 894 658 ·.·
910 603 946 650 38
964 601 1041 672 Haeo
1057 602 1139 654 etiarn
1155 603 1214 661 her.
1246 638 1250 653 .

75 673 100 727 L
118 674 154 729 N.
172 700 210 714 -·
225 672 306 724 solem
322 672 413 743 sequi)
425 669 587 743 solsequiam
604 677 682 723 reete
693 671 734 735 N;
761 668 804 720 sol
819 668 895 741 sequi
911 669 944 725 L.
968 697 1006 709 -
1027 649 1063 723 83
1087 691 1160 743 vesp.
1180 684 1214 729 ut

74 746 159 808 ajunt
176 743 207 798 1..
224 772 261 782 -
276 748 313 797 40
336 743 407 813 espl·
416 745 453 814 st.
475 761 499 799 s.
523 743 558 799 1..
571 758 609 781 '-
625 745 659 799 41
683 739 797 811 ponitur
820 738 850 794 in
871 757 969 794 sorano
998 742 1064 796 salis
1086 742 1119 797 ab
1146 742 1205 799 clar

77 816 155 888 Virg.
174 822 226 869 eta.
244 815 270 870 L
286 815 322 869 N.
442 814 447 827 '
877 836 881 847 ·
1049 820 1053 831 ¹

164 943 215 1009 1⁰.
236 959 383 1012 Dentrides
399 967 442 1010 est
459 957 515 1027 lap.
526 948 557 1012 'L
574 958 610 1014 N.
628 987 663 1002 -·
677 957 778 1030 suain.)
790 957 922 1032 surtinus
938 959 1010 1015 LN.
1026 989 1062 1003 -
1078 964 1116 1017 44
1132 961 1212 1018 arbor

74 1026 193 1082 dendrus
210 1029 245 1083 Ν.
263 1060 300 1073 —-
316 1035 353 1086 45
370 1029 490 1098 circiter)
508 1047 560 1087 om.
578 1031 603 1085 L
619 1029 657 1093 Ν.
672 1059 709 1074 ·-
726 1029 756 1084 in
771 1029 875 1084 octobre
898 1031 924 1083 L
939 1031 975 1088 N.
990 1059 1028 1076 -
1046 1031 1121 1086 Libr.
1133 1046 1212 1104 part.

73 1098 111 1151 Ν.
127 1128 166 1142 ·-
189 1105 225 1154 46
240 1102 385 1161 iacinctius
407 1103 430 1155 L
447 1101 482 1156 N.
500 1130 536 1141 -
554 1121 579 1173 p.
597 1106 666 1169 205,
682 1107 698 1156 1
717 1103 829 1169 coetui.)
842 1119 997 1171 purpureus
1013 1104 1047 1159 L.
1064 1133 1102 1149 ·-
1117 1117 1210 1159 muto·
1250 1116 1256 1129 '

74 1167 137 1224 tilis
154 1172 180 1225 L
197 1173 239 1235 N,
256 1175 326 1242 quod
344 1190 432 1229 veram
453 1179 503 1225 est.
520 1200 555 1213 -—
572 1177 694 1242 upurus
716 1184 745 1226 et
762 1174 872 1243 fluidus
895 1173 919 1226 L
943 1173 977 1228 N.
1003 1181 1073 1229 -3
1097 1177 1139 1245 et)
1157 1195 1211 1234 om.

74 1240 115 1294 M.
152 1244 306 1312 “Remigius
324 1248 360 1299 sit
372 1246 463 1315 friget
480 1244 510 1295 in
527 1263 588 1309 ore,
609 1244 740 1301 inciditur
763 1246 793 1298 in
820 1243 992 1298 adamante?
1026 1247 1131 1301 Marus.
1143 1250 1211 1320 ful-

73 1323 120 1380 get
138 1315 184 1380 M;
201 1317 248 1369 sed
259 1317 352 1389 friget
369 1319 392 1371 L
411 1315 446 1370 Ν.
463 1342 502 1357 ·-·
516 1312 655 1380 portatus)¹
670 1332 723 1369 om.
741 1317 781 1375 M.
796 1322 865 1370 -4
882 1313 1112 1371 tribuituretiarn
1129 1320 1209 1375 L.····

68 1387 92 1445 ,5
110 1383 196 1455 lapis)
213 1405 264 1442 om.
282 1390 321 1443 M.
338 1420 382 1434 —
398 1405 430 1438 ex
453 1387 541 1457 glaeie
566 1388 591 1440 L
612 1387 648 1441 N.
671 1417 716 1430 -
738 1393 755 1441 6
778 1405 796 1439 a
818 1386 924 1458 glacie)
951 1402 1003 1442 om.
1024 1388 1048 1441 L
1068 1391 1103 1443 N.
1127 1399 1210 1447 ..7

74 1457 147 1525 quod
163 1476 194 1511 eo
211 1462 235 1514 L
255 1460 290 1512 N.
308 1491 353 1502 —
372 1466 392 1512 8
412 1458 441 1508 in
466 1455 577 1510 decemb.
595 1457 630 1510 N.
654 1488 700 1503 —
722 1462 757 1511 1⁰
782 1458 894 1511 nuculeo
917 1456 956 1510 Μ.
991 1456 1135 1515 “Natemus
1160 1479 1208 1518 vo-

73 1529 195 1583 cabulum
212 1548 261 1599 pro
279 1530 371 1582 nucleo
398 1530 436 1598 (L
459 1528 511 1596 N).
548 1530 626 1583 Certe
650 1539 678 1584 et
698 1530 766 1598 opud
793 1532 849 1582 Gar
868 1531 939 1583 ilium
959 1547 1016 1599 cap.
1040 1531 1074 1585 de
1094 1518 1211 1602 persicis
1287 1558 1294 1569 ¹

73 1601 197 1653 scribitur
215 1601 370 1658 nuculeus.'’
413 1600 517 1669 Metus.
536 1630 582 1645 -
602 1601 680 1661 solid.
705 1610 777 1652 tant.
802 1601 827 1653 L
876 1633 950 1654 .-
977 1606 1010 1654 11
1036 1602 1112 1657 nullo
1134 1607 1210 1659 modo

71 1686 130 1725 exc.
149 1673 258 1742 caprino
274 1691 298 1724 s.
315 1662 401 1725 s'ecari
413 1666 486 1741 p.‘L
506 1671 541 1728 N.
559 1700 597 1713 -
614 1677 648 1726 13
674 1671 783 1725 idalites
808 1672 833 1724 L
857 1671 893 1732 N.
909 1702 945 1717 —
963 1676 999 1727 15
1021 1671 1138 1742 interna)
1164 1677 1210 1729 la·
1301 1712 1304 1717 -

71 1747 147 1794 tante
165 1744 188 1796 L
207 1744 242 1798 N.
258 1773 294 1784 -
312 1750 348 1796 18
364 1745 478 1810 scatur.)
494 1743 637 1815 sanguinis
662 1744 702 1798 M.
726 1770 763 1784 -
785 1746 821 1796 21
847 1745 920 1814 Ergo
943 1754 972 1795 et
990 1762 1042 1814 per
1065 1744 1146 1800 duod.
1165 1749 1193 1801 N
1199 1769 1209 1815 ;

69 1814 148 1886 Ergo
166 1818 233 1887 ΧΠ
245 1816 278 1869 L.
294 1845 332 1857 --
348 1816 469 1881 aoranae)
486 1830 539 1867 om.
556 1815 590 1870 L.
615 1843 653 1855 -
678 1817 793 1888 quaque)
814 1830 866 1867 om.
890 1817 927 1874 H.
950 1843 988 1857 -
1011 1815 1092 1869 haras
1112 1818 1209 1878 uolunt
1277 1838 1281 1851 ³

68 1882 193 1955 intelligi
207 1888 231 1941 L
249 1887 284 1940 N.
301 1915 339 1929 —
355 1891 391 1939 23
408 1887 529 1940 Martias.
546 1890 566 1938 2
583 1904 610 1954 p.
623 1889 724 1943 43.,-
738 1889 775 1938 25
793 1903 893 1938 aienses
909 1886 1038 1954 totidem)
1055 1905 1108 1942 om.
1123 1890 1161 1944 Η.
1172 1920 1209 1932 -

69 1957 162 2027 quod)
180 1959 266 2028 quiL
285 1957 327 2012 hic
344 1964 373 2011 et
387 1975 477 2026 snpra.
499 1980 536 1996 -
559 1961 596 2010 26
619 1955 676 2008 illis
698 1956 794 2026 aliud)
821 1957 872 2010 troo
895 1967 924 2009 et
949 1958 1032 2010 aEud
1055 1960 1094 2013 Μ.
1111 1992 1157 2005 -
1171 1966 1209 2016 21

67 2029 235 2096 sumpserint
253 2030 296 2095 M3
313 2037 452 2081 senserunt
469 2028 511 2091 N3
525 2027 607 2096 phys.
631 2040 701 2085 sens.
720 2029 754 2082 L.
768 2059 814 2071 -
829 2047 882 2086 scr.
905 2027 957 2099 ips.
982 2029 1017 2088 N.
1032 2059 1071 2072 —
1086 2035 1123 2084 28
1137 2031 1210 2084 inter

67 2099 214 2171 principia¹
224 2100 263 2188 M.
281 2129 319 2144 ·-
334 2103 377 2158 St.
397 2097 478 2156 Theb.
495 2098 520 2152 L
537 2099 572 2153 Ν.
589 2115 614 2152 v.
632 2103 677 2152 29.
691 2129 735 2144 -
748 2103 786 2154 30
807 2099 936 2173 impediat
960 2100 988 2156 H
1005 2102 1052 2170 M3
1075 2101 1208 2175 imprimet

67 2194 115 2259 L3
132 2189 260 2261 imprimit
278 2191 314 2247 N.

161 2316 211 2383 ll.
234 2352 259 2390 v.
278 2339 314 2391 32
330 2350 419 2386 eorum
431 2334 496 2401 jux.
514 2332 539 2387 L
557 2331 593 2387 N.
609 2361 646 2374 -
661 2336 697 2387 33
713 2331 786 2391 inat.
811 2343 854 2387 est
880 2335 907 2389 L
931 2336 967 2397 N.
983 2342 1070 2393 -34
1095 2357 1129 2392 ao
1145 2343 1208 2412 pri-

69 2427 146 2461 mum
164 2424 201 2458 sc.
220 2417 262 2460 est
278 2394 302 2462 L
320 2406 354 2459 N.
371 2432 409 2445 -
425 2403 500 2472 ipsa)
517 2421 569 2460 am.
587 2402 611 2456 L
627 2403 662 2460 N.
679 2434 718 2447 -
734 2407 828 2476 quam)
844 2405 898 2460 nisi
914 2408 939 2463 L
959 2409 994 2462 Ν.
1011 2441 1049 2455 ·-
1064 2416 1101 2465 35
1117 2416 1207 2484 esna)
1250 2473 1254 2479 ¹

69 2498 125 2534 om.
142 2479 168 2532 L
185 2476 219 2533 N.
235 2507 281 2522 —
297 2488 324 2530 et
341 2477 410 2529 mira
426 2477 451 2529 L
476 2476 512 2530 Ν.
528 2506 567 2521 -
581 2479 617 2529 31
640 2474 795 2547 dicentisque
818 2478 842 2531 L
859 2478 894 2533 N.
911 2508 949 2522 -
965 2485 1002 2534 38
1024 2480 1208 2537 dinumerave-

69 2561 138 2606 rant
156 2551 190 2603 Ι..
205 2575 251 2588 -
266 2556 302 2604 39
319 2558 386 2606 vert.
403 2566 494 2619 numq.
511 2548 536 2600 L
554 2547 589 2619 Ν.Ι
605 2577 652 2591 -
667 2550 703 2600 46
729 2565 798 2618 quas
811 2548 963 2611 ,immobiles
986 2552 1064 2606 L'N.
1081 2556 1208 2624 -posi-

69 2625 145 2675 tione
168 2621 204 2676 N.
227 2651 264 2691 τ
286 2620 336 2673 sol.
360 2637 434 2689 proc.
456 2618 508 2687 ips.
536 2618 576 2672 Μ.
598 2636 758 2688 progressus
781 2620 817 2673 L.
830 2649 876 2664 -··
891 2639 918 2691 p.
935 2626 1039 2688 206,1
1066 2624 1209 2696 signentur

69 2698 107 2750 L.
125 2696 206 2745 -2
233 2689 314 2750 tte...
337 2693 378 2749 M.
400 2686 473 2742 -“-3
499 2692 621 2761 Namque
645 2691 679 2744 L.
694 2693 768 2743 -4
789 2691 894 2743 animal
921 2693 964 2758 113
997 2693 1092 2747 uitalis
1115 2698 1207 2749 anima

69 2770 107 2823 1..
125 2797 164 2811 -·
180 2763 422 2839 animalisuicitur
439 2761 476 2827 N3
504 2762 607 2813 anintal
622 2762 662 2818 M.
679 2790 720 2807 -·
732 2761 909 2815 animantium
926 2763 952 2817 N
969 2765 1003 2819 L.
1020 2796 1065 2811 -
1080 2773 1099 2820 5
1117 2767 1208 2821 dictus

68 2838 124 2907 sit)
143 2854 197 2891 om·
212 2837 247 2890 N.
262 2865 309 2879 —
324 2834 455 2888 allusione
472 2834 507 2891 Ν.
522 2859 561 2875 ·-
577 2833 706 2904 excogit.)
733 2847 785 2885 aul.
804 2836 843 2900 N3
866 2835 968 2888 dietum
985 2837 1019 2890 L.
1035 2868 1074 2883 -
1089 2838 1207 2909 6¹exp.)

69 2920 99 2965 et
122 2892 310 2961 euidentiar'em
339 2907 420 2964 addit.
442 2906 486 2971 Ns
511 2906 625 2959 euident.
650 2914 679 2954 et
701 2904 794 2973 expsd.
820 2907 853 2962 L.
869 2935 907 2949 -
930 2912 948 2961 1
966 2909 1058 2979 facer.
1082 2908 1155 2962 aiam
1177 2921 1207 2963 et

69 2987 158 3039 doctr,
175 2979 249 3043 M·
265 3009 303 3023 ·-
312 2976 381 3048 fig.)
397 2974 482 3050 signis
498 2976 531 3034 L.
547 3009 585 3022 -
601 2980 619 3028 8
635 2975 735 3044 indie.)
750 2975 918 3031 crediderunt
934 2979 974 3032 M.
990 3006 1027 3022 ·-
1043 2990 1072 3032 et
1088 2981 1206 3038 innam.

69 3057 94 3110 1,
113 3055 147 3109 N.
163 3050 279 3121 —'ips·)
295 3049 325 3101 in
336 3050 459 3118 priorum
475 3047 517 3101 ed.
540 3048 673 3115 reperitur
699 3048 721 3100 L
737 3049 774 3102 N.
788 3054 860 3102 -.9
884 3051 1004 3103 rationes
1027 3053 1097 3106 LN.
1112 3040 1152 3096 -⁸·
1168 3057 1205 3104 1⁰

71 3124 224 3193 compotist.
251 3122 274 3174 L
297 3122 332 3176 N.
355 3149 401 3164 ·-
425 3125 459 3174 11
484 3121 525 3188 et)
552 3136 604 3176 om.
629 3120 663 3174 N.
685 3147 723 3159 -
745 3118 788 3169 dis
814 3116 1039 3190 quintadecima
1062 3125 1097 3182 N.
1114 3124 1204 3181 -11,

70 3201 105 3253 L.
123 3224 160 3239 -
178 3199 212 3249 13
224 3193 297 3264 fuis.
315 3191 391 3241 diem.
409 3192 443 3250 L.
459 3221 497 3235 ·-
513 3190 565 3244 ool.
588 3207 643 3242 esse
667 3190 738 3260 sign.
762 3190 786 3244 L
810 3191 846 3244 N.
862 3220 900 3235 -
917 3197 953 3247 14
971 3193 1002 3245 id
1028 3204 1071 3246 est
1092 3213 1126 3246 ex
1151 3194 1204 3263 ips.

69 3273 107 3327 N.
124 3295 162 3309 -
179 3271 213 3318 15
231 3265 309 3336 quia)
327 3262 399 3334 quod
415 3264 454 3329 L3
472 3263 582 3315 hauan.
600 3261 665 3333 quia
681 3263 715 3315 N.
732 3289 769 3301 --
787 3265 821 3314 15
839 3262 1025 3320 abeoN.-
1044 3271 1077 3318 11
1102 3276 1203 3319 terram
1266 3316 1271 3335 ,

69 3351 185 3393 eatenus
203 3335 241 3391 br.
257 3335 348 3406 vigore
364 3345 513 3391 concretam
531 3334 552 3388 L
569 3333 602 3388 N.
619 3332 809 3385 -radtorum
830 3354 940 3388 suorum
965 3338 1001 3390 N.
1014 3364 1052 3376 -
1069 3341 1104 3389 18
1125 3354 1204 3391 exsr-
1266 3338 1269 3345 '

70 3431 130 3464 cm
148 3413 168 3464 L
184 3411 221 3464 N.
237 3434 273 3447 ·-
291 3405 364 3477 quod
385 3425 403 3458 a
421 3406 525 3459 vernali
551 3423 610 3477 aeq.
635 3404 656 3458 L
683 3407 824 3459 N.-19
849 3416 877 3458 et
901 3426 985 3478 usque
1010 3409 1038 3461 H
1057 3409 1095 3462 M.
1112 3436 1150 3448 -
1166 3413 1204 3462 23

68 3485 149 3539 xt'l
160 3482 195 3532 u.
211 3476 324 3531 octobris
335 3477 377 3544 fit
394 3478 436 3530 die
451 3479 522 3534 LN.
539 3501 576 3514 -·
592 3480 626 3530 21
645 3475 735 3527 corula
758 3477 846 3531 N.-
861 3482 897 3530 22
914 3481 990 3548 signo
1008 3489 1084 3549 tang.
1102 3481 1141 3533 Μ.
1157 3511 1203 3525 -·

68 3560 108 3608 28
125 3552 197 3604 illud
212 3549 247 3601 ab
263 3549 313 3601 hoc
330 3549 376 3614 M3
387 3546 465 3603 'illud
481 3548 584 3602 arzimal
598 3557 648 3602 tot.
666 3548 711 3611 N3
733 3555 763 3597 et
786 3548 836 3599 hoc
854 3549 956 3601 animal
976 3559 1029 3603 tot.
1055 3552 1088 3606 L.
1105 3580 1150 3595 -
1166 3556 1203 3607 24

68 3625 114 3679 sol
129 3603 344 3676 sinistrum‘i.'e.
359 3621 441 3690 inser.
466 3621 488 3675 L
513 3623 547 3677 N.
564 3645 608 3661 ·-
621 3623 658 3673 25
678 3618 789 3688 peragit
815 3618 836 3672 L
859 3621 893 3675 Ν.
911 3648 956 3661 ·-
971 3625 1008 3675 25
1034 3622 1086 3674 inc.
1108 3623 1159 3677 lat.
1176 3625 1201 3677 L

68 3699 106 3751 N.
123 3726 169 3738 —
185 3699 220 3746 21
238 3693 355 3744 locamus
372 3694 407 3746 N.
425 3724 470 3737 -
486 3692 559 3763 quod
573 3691 620 3747 sic.
638 3690 687 3742 troc
704 3688 849 3745 animal..
865 3690 1001 3759 infirmum
1018 3694 1086 3749 LN·
1103 3724 1149 3738 —
1164 3700 1201 3748 29

69 3767 154 3821 tobei
180 3767 202 3820 L
219 3765 254 3820 N.
271 3793 316 3809 ι-
332 3767 368 3814 30
384 3781 520 3816 accessum
536 3764 559 3817 L
577 3764 611 3818 N.
628 3792 672 3806 -
688 3767 723 3816 31
739 3763 768 3815 in
779 3761 843 3835 fut.
868 3763 922 3816 ine.
941 3762 965 3814 L
981 3765 1016 3818 N.

157 3890 207 3957 12.
228 3903 349 3958 Secundo
368 3923 425 3973 pos.
450 3913 472 3955 t.
496 3904 518 3959 L
541 3905 582 3970 N,
605 3905 700 3958 omisso
725 3904 790 3957 loco.
814 3928 859 3941 ·-
880 3903 957 3977 ¹quod
973 3943 981 3958 .
998 3943 1005 3957 .
1023 3904 1153 3957 adurente
1177 3908 1201 3961 L

69 3979 107 4036 Ν.
124 4001 169 4015 —
183 3981 219 4029 35
236 3987 264 4028 et
282 3985 383 4047 segetes
400 3977 424 4028 L
442 3976 476 4029 Ν.
494 4005 537 4017 -
554 3981 590 4030 36
607 3977 689 4028 etiarn
706 3987 768 4034 met.
783 3974 812 4027 in
828 3975 905 4047 serv.
925 3986 975 4032 ter.
998 3976 1041 4041 Ν;
1065 3986 1202 4030 nutaretur

70 4049 107 4103 L.
123 4078 168 4091 -
184 4054 219 4101 31
237 4048 310 4121 quod
334 4057 408 4098 taur.
433 4048 454 4101 L
478 4050 512 4102 N.
529 4061 572 4072 ““
590 4051 626 4100 40
650 4049 689 4119 sie
716 4049 769 4101 sole
793 4049 868 4100 nabis
892 4065 968 4116 prop.
991 4047 1015 4100 L
1041 4047 1081 4112 N,
1104 4049 1201 4102 omisso
1253 4101 1259 4109 ,

66 4124 137 4189 jam.
155 4152 199 4164 -
216 4124 249 4173 41
269 4117 415 4171 unumbere
431 4120 455 4172 L
472 4120 507 4175 N.
524 4135 567 4149 ··
585 4123 620 4171 42
645 4119 711 4171 mitu
733 4139 805 4189 mag.
823 4120 847 4175 L
871 4119 904 4172 Ν.
923 4144 967 4159 ·-
984 4122 1018 4171 43
1045 4119 1151 4171 videtur
1174 4124 1199 4174 L

72 4190 216 4258 N.··o)
234 4209 286 4246 om·
304 4188 344 4254 N;
371 4200 400 4241 et
417 4192 455 4244 M.
472 4180 568 4231 -44
591 4194 666 4263 ergo)
693 4209 755 4244 oera
779 4192 873 4244 1...-
890 4193 925 4243 45
953 4194 995 4255 et)
1019 4206 1070 4253 om.
1099 4190 1199 4243 M.—

70 4262 156 4328 riaut)
171 4263 219 4314 sed
233 4273 261 4315 et
278 4262 307 4314 in
323 4261 372 4314 illo
387 4262 413 4316 L
430 4262 466 4317 N.
481 4286 514 4306 ι·
532 4252 567 4305 4⁶
579 4264 642 4335 jam
663 4272 780 4338 tempore
793 4263 825 4319 L
839 4262 890 4330 Ν,
906 4261 956 4332 «xiix
970 4276 1029 4317 sm.
1050 4259 1149 4310 etism.
1252 4302 1276 4315 ..
