2684 4606
155 192 241 270 240
354 308 356 313 Ι
407 190 590 296 Mptbogr.
609 190 681 264 111.
736 188 798 265 ll.
852 188 1050 265 20-21.

91 357 94 387 ¹
160 401 198 447 se
217 397 345 468 quoque
365 375 398 443 in
418 395 508 443 mare
534 344 737 463 praecipitem
771 363 880 440 dedit.
929 370 1085 441 laeander
1108 374 1234 469 ¹igitur,
1262 372 1294 441 id

158 476 208 532 est
234 464 392 529 virorum
412 459 555 542 solutio,
592 482 651 547 per
681 459 802 526 virtutis
824 456 1062 527 derelictionem
1083 472 1119 527 et
1151 459 1291 548 ignaviae

103 571 112 589 ⁹
158 548 389 635 indulgentiam
419 545 533 610 Heron
566 555 670 622 amat,
705 543 740 609 id
772 546 821 610 est
849 547 881 609 in
907 566 1051 612 amorem
1082 557 1117 612 ct
1136 545 1290 613 libidinem

54 670 96 715 ·;,
158 635 309 717 incurrit.
344 629 413 698 Sed
443 629 570 696 libidine
583 630 720 720 ¹quilibet
740 651 930 709 succensus,
964 629 1042 696 dum
1064 629 1108 696 ad
1130 630 1166 698 id
1188 632 1291 711 tendit,

134 696 247 811 dqrrod
280 715 430 785 ardenter
459 713 576 802 diligit,
616 736 786 803 numquam
813 738 890 781 sane
910 714 1004 783 ‘videt
1035 715 1125 817 quod
1159 717 1290 807 expedit

157 808 244 875 Nam
265 813 300 869 et
319 815 414 889 nocte
438 800 591 879 natat'id
613 811 661 869 est
681 800 713 867 iu
735 801 874 866 obscura
894 800 1163 889 periculatentat.
1206 806 1290 871 Hero

31 904 44 951 s·
159 895 194 959 ei'
211 892 391 968 lucernam,
419 907 459 952 ne
479 889 624 970 aberret,
655 886 810 954 accendit.
853 887 898 954 Et
920 887 997 975 quid
1018 886 1106 953 aliud
1127 910 1223 963 amor
1241 888 1292 957 n'ui

111 972 115 980 ’
159 976 309 1046 ardorem
328 976 496 1062 importat,
534 982 567 1039 et
588 969 781 1039 desideranti
802 972 883 1039 viam
902 967 1115 1061 periculosam
1138 973 1296 1042 osteuditl'

158 1064 329 1130 Lucerna.
351 1068 457 1126 autern
495 1058 600 1124 statim
638 1058 851 1144 extinguitur,
897 1057 972 1146 quia
998 1058 1147 1149 juvenilis
1183 1060 1312 1127 amoris'

117 1168 154 1219 to
162 1146 259 1215 ardor
278 1167 343 1210 non
363 1145 417 1211 diu
435 1150 626 1232 perseverat
668 1143 753 1209 Deui
775 1166 819 1209 ue
839 1154 873 1213 et
893 1145 996 1211 nudus
1019 1155 1128 1224 natat,
1150 1145 1291 1223 earide·

160 1234 236 1300 licet
263 1229 307 1297 de
333 1252 448 1308 causa,
489 1226 576 1330 quod
605 1229 722 1295 amoris
751 1167 900 1296 illecebra
935 1232 1142 1313 affectatores
1172 1254 1291 1299 suess

160 1315 339 1386 substantia
360 1327 394 1382 et
427 1314 554 1381 consulio
577 1311 701 1379 nudare
732 1317 897 1382 consuevit
915 1328 950 1382 et
969 1317 1001 1382 in
1023 1315 1185 1404 pericula,
1217 1318 1291 1384 sicut

161 1405 193 1471 in
222 1423 329 1478 mare,
363 1401 496 1503 jactare.
548 1396 645 1474 Quod
679 1409 785 1466 autem
827 1398 956 1466 lucerna
996 1402 1140 1467 extincta
1174 1404 1291 1491 utrique

162 1510 261 1555 causa
282 1502 391 1553 morus
414 1496 478 1563 est,
502 1482 588 1551 'uxta
608 1482 815 1573 Fulgentium
836 1486 998 1552 evidenter
1017 1488 1193 1574 significat,
1213 1484 1291 1577 quod

119 1578 194 1642 tuin
213 1585 351 1659 utroque
371 1593 450 1638 sexu
474 1509 571 1636 uitae
595 1571 810 1639 commoritur.
858 1572 1010 1660 Denique
1038 1573 1072 1639 in
1102 1573 1185 1639 mari
1205 1574 1290 1641 ambo

162 1660 355 1738 moriuntur,
376 1654 411 1722 id
440 1666 505 1735 est,
525 1657 558 1720 in
579 1665 745 1723 senectute
763 1657 999 1745 inquietationis
1020 1656 1189 1726 libidinum
1221 1658 1290 1727 obli·

60 1782 62 1787 ·
160 1745 333 1810 viscuntur.
392 1742 549 1807 Senectus
585 1743 669 1807 enim
725 1741 790 1808 uod
824 1743 940 1830 frigida
978 1753 1011 1811 et
1043 1745 1223 1815 humorosc
1249 1742 1314 1823 sit'

48 1829 53 1847 “
84 1904 86 1909 ⁴
161 1830 243 1897 mari
264 1826 482 1914 comparabilis
506 1823 638 1894 videtur.
721 1849 773 1892 am
805 1842 839 1897 et
869 1839 1062 1918 tempestas,
1103 1852 1170 1917 qua
1254 1831 1314 1909 'ilp-

131 1932 135 1940 ·
162 1912 371 2003 possessionis
392 1909 630 1979 distractionem
649 1909 815 1998 designat;
851 1914 942 2003 cujus
962 1915 1178 1983 consideratio
1212 1914 1291 1983 ‘bidi-

44 1994 66 2019 ''
119 2000 211 2069 tonis
230 1995 409 2063 incendium
429 1996 612 2082 saepissime
634 2008 757 2066 enecat.
869 2059 873 2065 ,
1176 2069 1178 2072 Α
1283 1998 1318 2063 ⁴.-

248 2085 301 2150 20.
344 2082 501 2148 Venerem
523 2079 661 2170 denique
678 2079 855 2170 philosophi
885 2080 917 2146 in
939 2082 1048 2170 specie
1078 2083 1164 2151 vitae
1184 2083 1293 2174 philar-

162 2168 259 2257 gioae
289 2189 446 2257 posuere,
485 2166 618 2256 ejusque
652 2190 726 2235 cum
754 2165 887 2233 Pallade
916 2179 949 2235 et
977 2170 1105 2236 Junone
1139 2188 1293 2240 certamen

164 2258 328 2342 eleganter
364 2264 512 2320 statuere.
572 2252 675 2345 Cujus
715 2255 762 2320 rei
797 2254 986 2339 figmentum
1022 2266 1056 2321 ut
1089 2255 1292 2346 explicemus,

93 2406 104 2421 ,
164 2341 261 2428 paulo
288 2339 379 2407 altius
408 2336 619 2415 exordiamur.
667 2340 814 2429 Juppiter
841 2361 937 2426 quum
968 2338 1143 2408 'Photidem
1167 2350 1293 2420 amaret.

119 2425 341 2516 taprobibitus
362 2440 411 2490 est
432 2447 452 2490 a
472 2424 594 2491 Proteo
614 2446 687 2490 cum
708 2449 747 2492 ea
764 2426 993 2504 concumbere,
1020 2432 1180 2515 nequem
1201 2434 1293 2517 gene-

163 2523 268 2590 raret,
300 2509 354 2600 qui
376 2532 413 2576 se
431 2530 535 2597 regno
556 2510 737 2598 expelleret
790 2510 847 2577 llle
874 2531 1066 2598 persuasus,
1097 2512 1202 2579 Peleo
1230 2504 1293 2579 ein

163 2619 297 2665 uxorem
331 2594 439 2673 dedit,
477 2617 653 2684 eorumque
680 2594 797 2700 nuptiis
832 2595 903 2682 ipse
932 2618 1006 2663 cum
1033 2595 1093 2665 diis
1116 2608 1152 2666 et
1178 2597 1293 2673 duabus

165 2683 330 2762 omuibus,
348 2690 482 2767 excepta
501 2681 690 2761 Discordia,
723 2681 873 2749 roterluit.
915 2680 972 2748 Illa
995 2681 1078 2749 irata
1104 2682 1227 2751 mulum
1244 2702 1294 2751 su·

164 2790 256 2835 reum
277 2769 309 2833 in
329 2767 468 2832 medium
489 2768 584 2834 trium
606 2767 755 2847 dearum,
775 2766 919 2847 Junouis,
939 2766 1078 2835 Palladis
1101 2780 1136 2836 et
1157 2768 1293 2843 Veneria,

121 2853 241 2943 adjecit
273 2854 321 2919 sic
352 2852 554 2938 inscriptum:
597 2852 862 2918 Pulclterrimce
898 2853 1036 2918 donum.
1088 2853 1168 2929 Illas
1203 2854 1294 2943 igitur

163 2940 207 3005 de
229 2942 401 3004 formarum
422 2936 605 3004 excellentia
629 2936 919 3019 aetantes,.-.tovis
945 2936 1102 3028 judicium
1123 2936 1310 3029 elegerunt·

163 3030 205 3093 at
236 3024 385 3113 Juppiter
414 3020 494 3089 duas
512 3047 517 3057 ’
533 3022 642 3093 nolens
677 3022 864 3104 offendere,
900 3023 927 3089 si
955 3025 1081 3091 tertiam
1114 3027 1292 3114 praeferret,

111 3184 116 3193 1
164 3132 220 3177 eas
260 3109 303 3176 ad
339 3106 493 3174 Paridem
527 3108 699 3176 transmisit
733 3106 935 3198 judicandas.
988 3110 1053 3176 Cui
1084 3132 1187 3199 quum
1215 3112 1291 3179 June

162 3216 318 3282 reguum,
354 3192 461 3259 Pallas
500 3191 647 3260 virtutem
687 3196 903 3283 polliceretur,
948 3195 1159 3286 promissione
1193 3208 1291 3266 nmen
1311 3238 1336 3251 ··

121 3281 311 3352 ttHelenae
332 3279 490 3346 Venerem
510 3279 752 3367 pulcherrimam
769 3278 933 3371 judicavit.
1333 3304 1336 3373 p

249 3369 302 3433 21.
344 3366 449 3430 Porro
470 3364 570 3431 Peleo
596 3377 629 3434 et
650 3365 791 3435 'I'betide
818 3364 1082 3449 Achilles-natus,
1118 3366 1213 3460 cujus
1229 3366 1298 3437 atu·
1332 3386 1336 3435 1

165 3453 313 3523 omnibus
334 3462 411 3519 nota
432 3460 490 3517 est.
546 3449 719 3519 'l'hetidem
751 3452 850 3538 igitur
879 3450 942 3517 dici
971 3453 1141 3522 voluerunt
1175 3474 1291 3545 aqum
1332 3476 1336 3523 ι

164 3538 253 3606 unde
276 3550 309 3605 et
329 3536 414 3625 Nym
437 3536 511 3603 hom
532 3537 777 3626 appellaverunt.
820 3538 916 3604 Hanc
938 3536 1088 3627 Juppiter
1107 3543 1203 3630 quasi
1221 3539 1292 3607 deus
1331 3532 1336 3609 1

165 3623 332 3714 conjungit
365 3561 482 3704 Pelea
520 3617 627 3709 πηλὸς
655 3623 739 3690 enim
764 3625 896 3697 ,Graece
922 3623 1037 3689 lutum
1064 3624 1292 3715 interpretatur·
1331 3644 1336 3697 Ι

121 3709 258 3798 eoErgo
295 3721 414 3777 terram
443 3730 517 3774 cum
548 3731 566 3774 a
589 3729 633 3774 ua
662 3707 791 3777 mixtam
818 3707 971 3796 genuisse
999 3709 1109 3779 volunt
1134 3711 1293 3781 hominen.

30 3870 33 3875 ,
149 3795 273 3884 ‘Ipsum
315 3794 428 3861 Jovcm
472 3731 620 3860 Thetidis
657 3793 765 3863 ferunt
799 3794 1004 3861 concubitum
1051 3808 1201 3885 optasse,
1242 3790 1292 3865 sel

163 3881 295 3947 vetitum
317 3902 407 3960 esse,
444 3901 486 3945 ne
504 3878 660 3967 majorem
682 3902 719 3946 se
739 3891 930 3967 generaret3
966 3880 1040 3967 quia
1059 3883 1164 3970 ignis,
1200 3880 1234 3951 id
1251 3890 1293 3947 est

162 3966 328 4053 Juppiter,
360 3970 478 4031 sicum
504 3987 587 4051 aqua
609 3969 719 4039 coeat,
752 3989 857 4054 aquae
878 3966 994 4032 virtute
1014 3966 1223 4119 extinguitur.
1259 3966 1290 4033 ln

163 4050 387 4141 conjunctione
407 4064 513 4118 autem
534 4072 638 4137 aquae
657 4064 691 4118 et
710 4060 833 4132 terrae,
870 4050 906 4118 id
933 4063 983 4119 est
1004 4052 1101 4120 'l'beti
1126 4056 1169 4122 is·
1184 4066 1217 4123 et
1234 4052 1291 4121 Pe·

75 4138 80 4145 '
119 4135 223 4217 astet,
242 4135 403 4204 discordia
422 4134 490 4203 sola
511 4156 574 4200 non
596 4134 763 4218 invitatur,
794 4136 870 4226 quia
890 4136 1064 4204 concordia
1084 4141 1193 4226 potius
1213 4151 1288 4205 utro·
1331 4148 1335 4155 '

151 4244 297 4312 rumque
315 4221 386 4290 fieri
419 4222 652 4293 elementorum
685 4244 819 4293 necesse
838 4231 904 4306 est,
941 4233 980 4290 ut
1008 4221 1105 4290 bomo
1136 4222 1288 4315 gignutdr.

1212 4378 1217 4389 “
1309 4353 1336 4573 l
