2684 4606
351 157 534 279 orpnogs.
559 158 593 233 1.
650 156 770 231 77-
788 152 856 232 ro.
1125 158 1182 235 an
1234 213 1242 239 .

40 330 130 421 care,
180 337 392 411 Descendens
421 343 522 433 igitur
551 343 594 411 ad
623 344 763 428 inlares,
801 344 833 413 in
863 344 1095 415 miserationem
1125 370 1182 416 eos

29 445 134 499 ,cantu
162 450 223 497 suo
243 430 411 519 compulit;
449 442 646 519 acceptaque
667 429 761 517 lege,
789 430 968 520 impetrarit
996 433 1183 524 Eurydicen

39 517 82 583 ila
104 513 256 603 demum,
284 516 311 581 si
337 538 400 582 uon
426 528 500 584 ante
529 516 738 604 respexisset,
766 538 862 605 quam
888 519 929 584 ad
953 541 1087 607 superos
1109 542 1183 608 per-

38 601 168 669 veniret.
217 598 364 683 Deinde,
394 612 429 687 ut
453 613 503 669 est
529 600 611 669 dura
637 602 808 669 amantium
832 605 1087 707 perseverantia,
1117 607 1180 672 Or-

38 688 170 776 pheus,
185 686 318 768 timens,
345 709 388 754 ne
409 708 473 753 nou
493 688 613 755 inesset
632 686 777 777 pollicitis
799 688 882 757 Inus
903 689 1002 771 fides,
1031 692 1206 779 respexit5

13 778 24 857 j
38 784 70 841 et
89 772 216 841 irritum
243 772 319 841 lecit
339 794 432 841 suum
451 772 603 840 laborem.
644 773 807 841 Reversus
829 774 945 842 deinde
968 775 1011 843 ad
1037 799 1182 866 superos,

38 855 91 947 qui
121 879 436 949 parumprosperns
464 871 614 961 expertus
643 870 713 927 erat
741 860 886 949 nuptias,-
926 884 1060 953 perosus
1088 886 1183 939 omne

36 964 140 1031 genus
162 943 354 1041 lemiuenm,
385 944 605 1013 solitudinibus
632 968 668 1014 se
690 943 787 1014 dedit.

260 1108 380 1185 -77.
433 1108 600 1187 Castor
638 1121 681 1187 et
716 1108 902 1188 Pollux.

120 1257 245 1327 Castor
274 1266 309 1325 et
339 1254 455 1324 Pollux
486 1256 575 1325 loris
609 1268 644 1326 et
675 1256 791 1324 Ledae
824 1257 879 1325 lilii
913 1257 1052 1325 fuerunt.
1094 1257 1224 1335 'Quilo

58 1364 134 1411 uum
159 1342 369 1411 adsuessent
389 1341 547 1409 Phoeben
574 1354 608 1411 et
627 1344 801 1422 Dionnum,
824 1343 984 1432 conjuges
1004 1344 1035 1410 h
1080 1346 1129 1411 cei
1151 1357 1185 1415 et

14 1497 17 1503 ,
54 1428 136 1510 dae,
177 1427 318 1533 Apharei
350 1428 508 1509 liliorum,
551 1440 585 1495 et
614 1428 728 1496 vellent
759 1452 814 1495 eas
845 1451 979 1517 rapere,
1052 1453 1185 1519 ynceus,

38 1516 143 1582 omniu
168 1536 224 1582 cur
247 1512 376 1581 ridendi
398 1526 542 1602 potestas
563 1527 651 1594 erat,
683 1514 775 1579 Idam
801 1514 931 1603 lintrem
958 1514 1184 1583 invindictam

37 1601 229 1679 concitavit,
258 1599 315 1689 qui
334 1594 438 1669 'telum
455 1599 615 1679 habehat,
643 1598 732 1688 quod
757 1599 852 1666 divini
876 1600 931 1668 teli
951 1599 1183 1669 similitudinem

38 1689 195 1773 gerebat,
217 1686 265 1753 ita
284 1696 322 1752 ut
341 1686 442 1755 nullus
488 1697 577 1752 osset
596 1685 673 1775 illud
694 1684 841 1753 eradere.
881 1687 997 1775 Itaque
1017 1710 1056 1752 eo
1074 1688 1224 1767 misso,15

38 1771 200 1842 interfecit
223 1773 400 1839 Castorem.
445 1709 619 1861 &numque
638 1772 706 1861 jam
725 1771 890 1839 Pollucem
912 1772 1003 1840 vellet
1025 1772 1186 1853 occideret

10 1858 78 1924 ·ab
98 1858 184 1925 Jove
210 1856 342 1923 fulmine
368 1879 541 1947 percussus
575 1868 634 1925 est.
684 1857 799 1923 Pollux
826 1879 921 1938 raro,
954 1858 1064 1926 videns
1092 1882 1187 1926 suum
1281 1904 1309 1939 -,

10 1944 172 2011 ,fratrem
200 1955 382 2025 munuum,
420 1941 463 2008 ad
491 1943 611 2011 inferos
640 1942 816 2011 descendit.
868 1943 951 2010 Inde
982 1966 1056 2011 cum
1087 1945 1188 2013 fratre

37 2040 184 2118 recepto·
200 2026 244 2096 ad
276 2051 411 2117 superos
440 2030 555 2119 evasit,
590 2042 624 2097 et
652 2030 766 2096 Jovem
796 2029 915 2105 oravit,
951 2041 987 2097 nt
1015 2030 1186 2099 caelestem

38 2116 196 2181 honorem
225 2113 286 2181 sihi
313 2114 466 2182 traderet.
517 2112 599 2180 lnde
623 2116 705 2185 inter
734 2116 821 2185 astra
854 2115 1000 2185 collocati
1028 2127 1119 2200 suut,
1152 2128 1227 2187 et2⁰

39 2201 213 2270 caelestem
234 2199 390 2269 honorem
410 2199 599 2269 hahuerunt
879 2214 882 2219 ’

332 2364 400 2442 78.
449 2366 642 2471 Cygnus
674 2324 891 2447 et‘Leda.

120 2515 291 2606 Iuppiter,
330 2534 473 2581 amorem
500 2511 616 2582 Ledae
644 2515 775 2603 virginis
804 2516 978 2591 affectans,
1013 2537 1186 2584 conversus
1260 2572 1263 2579 .

26 2596 71 2670 'in
88 2594 247 2695 cydnum,
268 2601 358 2667 linxit
377 2622 414 2668 se
436 2600 553 2687 lugere
573 2601 728 2690 aquilam3
757 2600 816 2668 sed
828 2602 1024 2669 Mercurium
1044 2605 1077 2667 in
1096 2604 1186 2691 aqui·
1275 2684 1277 2689 Δ

11 2690 102 2769 ‘lam
128 2687 362 2757 transmutavit.
412 2684 470 2751 Sic
494 2688 527 2753 in
553 2689 679 2775 gremio
706 2687 820 2755 Ledae
846 2699 1014 2776 receptus,
1046 2709 1118 2754 cnm
1147 2711 1228 2760 eaeo

11 2820 14 2827 -
41 2798 106 2841 rem
129 2774 265 2853 hahuit,·
304 2794 366 2840 uae
382 2770 508 2861 peperit
528 2795 641 2858 ovum,
666 2773 753 2842 uude
772 2773 839 2842 nati
859 2787 935 2843 sunt
951 2787 1036 2858 tres,
1058 2774 1188 2858 Castor,

41 2860 154 2931 Pollux
177 2873 213 2931 et
234 2796 369 2945 Hedera.
394 2886 397 2897 ·

483 3026 550 3103 79.
605 3018 740 3129 Apis.
1057 3114 1060 3121 ,

10 3232 19 3251 .
125 3176 248 3246 Refert
271 3172 530 3263 Solinus,‚quod
551 3173 632 3241 inter
653 3176 774 3255 omnia,
798 3198 882 3265 quae
899 3140 1067 3264 Aegyptus
1089 3170 1190 3259 digna

44 3277 221 3335 memoratu
255 3262 374 3341 habet,
415 3260 590 3410 praecipue
624 3262 777 3329 mirentur
807 3265 941 3344 bovem,
983 3282 1079 3349 quem
1107 3258 1231 3346 Apinao

44 3363 176 3435 nocant,
209 3348 371 3436 insignem
400 3347 491 3412 abae
519 3344 664 3421 maculae
693 3360 786 3427 uota,
843 3371 922 3429 uae,
955 3345 1068 3414 dextro
1096 3342 1188 3411 lateri

46 3439 111 3528 ejus
141 3434 305 3524 ingenita,
334 3430 435 3498 refert
464 3429 678 3501 corniculatae
704 3432 799 3501 lunae
820 3372 948 3500 iaciem.
1000 3434 1099 3499 Hunc
1127 3432 1189 3496 Ae·

90 3534 163 3614 ptus
186 3520 228 3588 ad
252 3520 351 3587 instar
372 3518 505 3584 numinis
527 3516 617 3597 colit,
647 3520 796 3607 eoquod
819 3520 861 3587 de
883 3518 995 3585 futuris
1017 3517 1072 3584 det
1091 3539 1189 3603 quae-

47 3546 118 3676 dha
141 3607 314 3676 manifesta
334 3602 436 3691 signa.
479 3607 621 3692 Apparet
640 3618 746 3673 eutem
768 3605 930 3694 Memphi,
961 3602 1012 3669 cui
1036 3613 1188 3669 statutum
1284 3662 1288 3667 .

47 3696 128 3763 ritae
150 3695 293 3783 spatium
314 3705 382 3772 est;
409 3712 481 3756 nam
503 3711 625 3757 mersus
646 3691 806 3780 profundo
829 3692 912 3759 sacri
932 3688 1026 3755 sontis
1046 3698 1230 3768 necaturus

46 3802 86 3863 ne
113 3780 200 3848 diem
229 3778 359 3867 longius
387 3775 511 3857 trahat,
541 3797 639 3864 quam
665 3777 781 3845 licebit.
831 3778 909 3844 Mox
931 3775 1010 3841 alter
1032 3797 1094 3839 non
1121 3773 1188 3839 sine

68 3867 173 3934 oblico
214 3866 304 3931 luctu
338 3861 519 3949 requiritur.
578 3861 678 3930 Hunc
715 3864 833 3933 etenim
869 3872 997 3929 centum
1034 3859 1188 3927 antistites

80 3951 210 4044 emphin
234 3957 486 4039 prosequuntur,
507 3956 550 4097 pt
576 3961 729 4035 repente,
760 3949 844 4016 velut
868 3946 1068 4098 lymphatici,
1096 3968 1189 4034 prae-

47 4038 162 4111 cinunt.
207 4036 278 4104 Dat
297 4034 403 4103 omina
423 4033 655 4101 maniestantia
674 4034 861 4104 defuturis.
905 4031 985 4099 llud
1007 4032 1189 4105 maximum,

46 4126 71 4192 si
97 4124 141 4194 de
171 4121 296 4192 clientis
324 4140 420 4186 mauu
447 4122 554 4188 cibum
579 4121 694 4210 capiat.
742 4121 848 4212 Hujus
879 4120 990 4210 capitis
1018 4117 1233 4207 imaginemac

10 4132 101 4309 lJPi
123 4211 156 4279 iu
182 4230 296 4278 eremo
316 4202 433 4274 Judaei
459 4205 613 4275 lecerunt.
1091 4234 1099 4245 ·
