<?xml version="1.0" encoding="UTF-8"?>
<!DOCTYPE html PUBLIC "-//W3C//DTD XHTML 1.0 Transitional//EN"
    "http://www.w3.org/TR/xhtml1/DTD/xhtml1-transitional.dtd">
<html xmlns="http://www.w3.org/1999/xhtml" xml:lang="en" lang="en">
 <head>
  <title>
</title>
<meta http-equiv="Content-Type" content="text/html;charset=utf-8" />
  <meta name='ocr-system' content='tesseract 3.04.00' />
  <meta name='ocr-capabilities' content='ocr_page ocr_carea ocr_par ocr_line ocrx_word'/>
</head>
<body>
  <div class='ocr_page' id='page_1' title='image "./scriptoresrereu00bodegoog_0339.png"; bbox 0 0 2684 4606; ppageno 0'>
   <div class='ocr_carea' id='block_1_1' title="bbox 10 292 1149 586">
    <p class='ocr_par' dir='ltr' id='par_1_1' title="bbox 10 292 1149 586">
     <span class='ocr_line' id='line_1_1' title="bbox 168 292 1149 455; baseline -0.009 -31"><span class='ocrx_word' id='word_1_1' title='bbox 168 442 201 455; x_wconf 21' lang='grc' dir='ltr'><strong>,ι</strong></span> <span class='ocrx_word' id='word_1_2' title='bbox 294 336 673 421; x_wconf 72' lang='lat' dir='ltr'><strong>sumonsrmno</strong></span> <span class='ocrx_word' id='word_1_3' title='bbox 696 311 1060 420; x_wconf 76' lang='lat' dir='ltr'><strong>&#39;enouNonnou</strong></span> <span class='ocrx_word' id='word_1_4' title='bbox 1129 292 1149 431; x_wconf 67' lang='lat' dir='ltr'><strong>&#39;t</strong></span> 
     </span>
     <span class='ocr_line' id='line_1_2' title="bbox 10 493 1085 586; baseline -0.01 -29"><span class='ocrx_word' id='word_1_5' title='bbox 10 571 17 583; x_wconf 49' lang='grc' dir='ltr'><em>Ι</em></span> <span class='ocrx_word' id='word_1_6' title='bbox 82 524 84 528; x_wconf 95' lang='grc'><strong><em>·</em></strong></span> <span class='ocrx_word' id='word_1_7' title='bbox 126 558 133 573; x_wconf 30' lang='lat'>4</span> <span class='ocrx_word' id='word_1_8' title='bbox 251 494 303 550; x_wconf 76' lang='lat' dir='ltr'><strong>EX</strong></span> <span class='ocrx_word' id='word_1_9' title='bbox 338 494 603 586; x_wconf 69' lang='lat' dir='ltr'>ANTIQUISSIMO</span> <span class='ocrx_word' id='word_1_10' title='bbox 647 494 779 551; x_wconf 84' lang='lat' dir='ltr'>CODICE</span> <span class='ocrx_word' id='word_1_11' title='bbox 810 494 1007 552; x_wconf 79' lang='lat' dir='ltr'>EXCERPTA</span> <span class='ocrx_word' id='word_1_12' title='bbox 1024 493 1085 563; x_wconf 87' lang='lat'><strong>(1)</strong></span> 
     </span>
    </p>
   </div>
   <div class='ocr_carea' id='block_1_2' title="bbox 98 172 150 241">
    <p class='ocr_par' dir='ltr' id='par_1_2' title="bbox 98 172 150 241">
     <span class='ocr_line' id='line_1_3' title="bbox 98 172 150 241; baseline 0 0"><span class='ocrx_word' id='word_1_13' title='bbox 98 172 150 241; x_wconf 65' lang='lat' dir='ltr'><strong>xx</strong></span> 
     </span>
    </p>
   </div>
   <div class='ocr_carea' id='block_1_3' title="bbox 1088 474 1148 593">
    <p class='ocr_par' dir='ltr' id='par_1_3' title="bbox 1088 474 1148 593">
     <span class='ocr_line' id='line_1_4' title="bbox 1136 474 1146 491; baseline 0 0"><span class='ocrx_word' id='word_1_14' title='bbox 1136 474 1146 491; x_wconf 71' lang='grc' dir='ltr'>Ι</span> 
     </span>
     <span class='ocr_line' id='line_1_5' title="bbox 1088 526 1148 593; baseline 0 0"><span class='ocrx_word' id='word_1_15' title='bbox 1088 526 1148 593; x_wconf 58' lang='lat' dir='ltr'><strong>“a</strong></span> 
     </span>
    </p>
   </div>
   <div class='ocr_carea' id='block_1_4' title="bbox 17 622 1147 1166">
    <p class='ocr_par' dir='ltr' id='par_1_4' title="bbox 17 622 1147 1166">
     <span class='ocr_line' id='line_1_6' title="bbox 188 642 1100 711; baseline 0.001 -1"><span class='ocrx_word' id='word_1_16' title='bbox 188 648 221 710; x_wconf 80' lang='lat'><strong>1.</strong></span> <span class='ocrx_word' id='word_1_17' title='bbox 266 644 361 711; x_wconf 83' lang='lat' dir='ltr'><strong>India</strong></span> <span class='ocrx_word' id='word_1_18' title='bbox 381 642 521 711; x_wconf 77' lang='lat' dir='ltr'>ulterior</span> <span class='ocrx_word' id='word_1_19' title='bbox 540 643 656 710; x_wconf 87' lang='lat' dir='ltr'><strong>linitur</strong></span> <span class='ocrx_word' id='word_1_20' title='bbox 677 643 719 708; x_wconf 90' lang='lat' dir='ltr'><strong>ah</strong></span> <span class='ocrx_word' id='word_1_21' title='bbox 743 642 870 709; x_wconf 90' lang='lat' dir='ltr'><strong>oriente</strong></span> <span class='ocrx_word' id='word_1_22' title='bbox 891 667 1014 710; x_wconf 91' lang='lat' dir='ltr'><strong>oceano</strong></span> <span class='ocrx_word' id='word_1_23' title='bbox 1037 667 1100 711; x_wconf 92' lang='lat' dir='ltr'><strong>eoo</strong></span> 
     </span>
     <span class='ocr_line' id='line_1_7' title="bbox 105 622 1147 833; baseline 0.001 -35"><span class='ocrx_word' id='word_1_24' title='bbox 105 730 275 815; x_wconf 81' lang='lat' dir='ltr'><strong>occidente</strong></span> <span class='ocrx_word' id='word_1_25' title='bbox 296 730 432 797; x_wconf 85' lang='lat' dir='ltr'><strong>flumine</strong></span> <span class='ocrx_word' id='word_1_26' title='bbox 454 727 572 796; x_wconf 89' lang='lat' dir='ltr'><strong>Sintho</strong></span> <span class='ocrx_word' id='word_1_27' title='bbox 595 728 662 821; x_wconf 79' lang='lat'><strong>(2),</strong></span> <span class='ocrx_word' id='word_1_28' title='bbox 694 753 713 794; x_wconf 90' lang='lat' dir='ltr'><strong>a</strong></span> <span class='ocrx_word' id='word_1_29' title='bbox 745 729 968 833; x_wconf 85' lang='lat' dir='ltr'><strong>septentrione</strong></span> <span class='ocrx_word' id='word_1_30' title='bbox 989 742 1102 796; x_wconf 91' lang='lat' dir='ltr'><strong>monte</strong></span> <span class='ocrx_word' id='word_1_31' title='bbox 1125 622 1147 799; x_wconf 69' lang='grc'><strong>1</strong></span> 
     </span>
     <span class='ocr_line' id='line_1_8' title="bbox 104 816 1146 908; baseline 0 -25"><span class='ocrx_word' id='word_1_32' title='bbox 104 842 123 883; x_wconf 80' lang='grc'><strong>0</strong></span> <span class='ocrx_word' id='word_1_33' title='bbox 144 818 282 883; x_wconf 82' lang='lat' dir='ltr'><strong>meridie</strong></span> <span class='ocrx_word' id='word_1_34' title='bbox 301 839 425 883; x_wconf 87' lang='lat' dir='ltr'><strong>oceano</strong></span> <span class='ocrx_word' id='word_1_35' title='bbox 447 817 570 900; x_wconf 70' lang='lat' dir='ltr'><strong>serico,</strong></span> <span class='ocrx_word' id='word_1_36' title='bbox 600 816 694 903; x_wconf 75' lang='lat' dir='ltr'><strong>cuius</strong></span> <span class='ocrx_word' id='word_1_37' title='bbox 717 826 820 905; x_wconf 78' lang='lat' dir='ltr'><strong>spatia</strong></span> <span class='ocrx_word' id='word_1_38' title='bbox 841 817 964 881; x_wconf 87' lang='lat' dir='ltr'><strong>hahent</strong></span> <span class='ocrx_word' id='word_1_39' title='bbox 984 817 1020 881; x_wconf 94' lang='lat' dir='ltr'><strong>in</strong></span> <span class='ocrx_word' id='word_1_40' title='bbox 1043 817 1146 908; x_wconf 85' lang='lat' dir='ltr'><strong>longit</strong></span> 
     </span>
     <span class='ocr_line' id='line_1_9' title="bbox 105 899 1138 993; baseline 0.002 -25"><span class='ocrx_word' id='word_1_41' title='bbox 105 903 196 969; x_wconf 89' lang='lat' dir='ltr'><strong>milia</strong></span> <span class='ocrx_word' id='word_1_42' title='bbox 219 927 377 993; x_wconf 81' lang='lat' dir='ltr'><strong>passuum</strong></span> <span class='ocrx_word' id='word_1_43' title='bbox 409 900 500 967; x_wconf 76' lang='grc' dir='ltr'><strong>ΝΜ</strong></span> <span class='ocrx_word' id='word_1_44' title='bbox 539 901 644 968; x_wconf 88' lang='grc' dir='ltr'><strong>ΧΧΧ</strong></span> <span class='ocrx_word' id='word_1_45' title='bbox 678 912 711 967; x_wconf 91' lang='lat' dir='ltr'><strong>et</strong></span> <span class='ocrx_word' id='word_1_46' title='bbox 749 899 859 984; x_wconf 85' lang='lat' dir='ltr'>CCC,</span> <span class='ocrx_word' id='word_1_47' title='bbox 890 903 925 966; x_wconf 90' lang='lat' dir='ltr'><strong>in</strong></span> <span class='ocrx_word' id='word_1_48' title='bbox 960 904 1138 971; x_wconf 84' lang='lat' dir='ltr'><strong>latitudine</strong></span> 
     </span>
     <span class='ocr_line' id='line_1_10' title="bbox 17 987 1145 1092; baseline 0.002 -36"><span class='ocrx_word' id='word_1_49' title='bbox 17 995 24 1016; x_wconf 97' lang='lat'><em>&#39;</em></span> <span class='ocrx_word' id='word_1_50' title='bbox 105 999 140 1056; x_wconf 86' lang='lat' dir='ltr'><strong>et</strong></span> <span class='ocrx_word' id='word_1_51' title='bbox 158 987 227 1054; x_wconf 88' lang='lat' dir='ltr'><strong>CC.</strong></span> <span class='ocrx_word' id='word_1_52' title='bbox 253 989 385 1080; x_wconf 77' lang='lat' dir='ltr'>Ganges</span> <span class='ocrx_word' id='word_1_53' title='bbox 417 989 539 1054; x_wconf 85' lang='lat' dir='ltr'><strong>flumen</strong></span> <span class='ocrx_word' id='word_1_54' title='bbox 561 988 610 1052; x_wconf 89' lang='lat' dir='ltr'><strong>ihi</strong></span> <span class='ocrx_word' id='word_1_55' title='bbox 635 997 685 1052; x_wconf 91' lang='lat' dir='ltr'><strong>est</strong></span> <span class='ocrx_word' id='word_1_56' title='bbox 716 995 752 1052; x_wconf 87' lang='lat' dir='ltr'><strong>et&#39;</strong></span> <span class='ocrx_word' id='word_1_57' title='bbox 768 987 861 1092; x_wconf 79' lang='lat' dir='ltr'><strong>regio</strong></span> <span class='ocrx_word' id='word_1_58' title='bbox 883 987 942 1053; x_wconf 93' lang='lat' dir='ltr'><strong>uhi</strong></span> <span class='ocrx_word' id='word_1_59' title='bbox 965 990 1064 1080; x_wconf 83' lang='lat' dir='ltr'>piper</span> <span class='ocrx_word' id='word_1_60' title='bbox 1093 1014 1145 1058; x_wconf 80' lang='lat' dir='ltr'><strong>nat</strong></span> 
     </span>
     <span class='ocr_line' id='line_1_11' title="bbox 105 1073 907 1166; baseline -0.005 -23"><span class='ocrx_word' id='word_1_61' title='bbox 105 1084 139 1143; x_wconf 85' lang='lat' dir='ltr'><strong>et</strong></span> <span class='ocrx_word' id='word_1_62' title='bbox 160 1075 351 1166; x_wconf 77' lang='lat' dir='ltr'><strong>elephanti,</strong></span> <span class='ocrx_word' id='word_1_63' title='bbox 374 1074 552 1157; x_wconf 87' lang='lat' dir='ltr'><strong>dracones,-</strong></span> <span class='ocrx_word' id='word_1_64' title='bbox 573 1074 761 1163; x_wconf 69' lang='lat' dir='ltr'><strong>sphyngeS,</strong></span> <span class='ocrx_word' id='word_1_65' title='bbox 782 1073 907 1164; x_wconf 76' lang='lat' dir='ltr'><strong>pittaci.</strong></span> 
     </span>
    </p>
   </div>
   <div class='ocr_carea' id='block_1_5' title="bbox 189 1150 1144 1294">
    <p class='ocr_par' dir='ltr' id='par_1_5' title="bbox 189 1150 1144 1294">
     <span class='ocr_line' id='line_1_12' title="bbox 189 1150 1144 1294; baseline -0.001 -39"><span class='ocrx_word' id='word_1_66' title='bbox 189 1188 224 1255; x_wconf 85' lang='lat' dir='ltr'><strong>a.</strong></span> <span class='ocrx_word' id='word_1_67' title='bbox 268 1186 405 1271; x_wconf 75' lang='grc'><strong>0000,</strong></span> <span class='ocrx_word' id='word_1_68' title='bbox 441 1185 594 1269; x_wconf 68' lang='lat' dir='ltr'><strong>nansia,</strong></span> <span class='ocrx_word' id='word_1_69' title='bbox 626 1186 801 1294; x_wconf 60' lang='lat' dir='ltr'><strong>Appiana,</strong></span> <span class='ocrx_word' id='word_1_70' title='bbox 836 1186 1011 1272; x_wconf 65' lang='lat' dir='ltr'><strong>camna,</strong></span> <span class='ocrx_word' id='word_1_71' title='bbox 1047 1150 1144 1255; x_wconf 60' lang='lat' dir='ltr'><strong>Persa</strong></span> 
     </span>
    </p>
   </div>
   <div class='ocr_carea' id='block_1_6' title="bbox 15 1272 1143 1997">
    <p class='ocr_par' dir='ltr' id='par_1_6' title="bbox 101 1272 1143 1623">
     <span class='ocr_line' id='line_1_13' title="bbox 107 1272 1143 1357; baseline 0 -21"><span class='ocrx_word' id='word_1_72' title='bbox 107 1272 245 1338; x_wconf 88' lang='lat' dir='ltr'><strong>niuntur</strong></span> <span class='ocrx_word' id='word_1_73' title='bbox 269 1273 461 1339; x_wconf 83' lang='lat' dir='ltr'><strong>oboriente</strong></span> <span class='ocrx_word' id='word_1_74' title='bbox 488 1272 628 1338; x_wconf 82' lang='lat' dir='ltr'><strong>flumine</strong></span> <span class='ocrx_word' id='word_1_75' title='bbox 657 1276 795 1357; x_wconf 71' lang='lat' dir='ltr'><strong>hrntho,</strong></span> <span class='ocrx_word' id='word_1_76' title='bbox 827 1275 868 1339; x_wconf 88' lang='lat' dir='ltr'><strong>ah</strong></span> <span class='ocrx_word' id='word_1_77' title='bbox 900 1274 1070 1339; x_wconf 84' lang='lat' dir='ltr'><strong>occidente</strong></span> <span class='ocrx_word' id='word_1_78' title='bbox 1099 1274 1143 1338; x_wconf 66' lang='lat' dir='ltr'><strong>M«</strong></span> 
     </span>
     <span class='ocr_line' id='line_1_14' title="bbox 106 1359 1143 1449; baseline 0.004 -26"><span class='ocrx_word' id='word_1_79' title='bbox 106 1359 225 1444; x_wconf 85' lang='lat' dir='ltr'><strong>tamia,</strong></span> <span class='ocrx_word' id='word_1_80' title='bbox 248 1379 266 1420; x_wconf 87' lang='lat' dir='ltr'><strong>a</strong></span> <span class='ocrx_word' id='word_1_81' title='bbox 288 1359 512 1449; x_wconf 79' lang='lat' dir='ltr'><strong>septentrione</strong></span> <span class='ocrx_word' id='word_1_82' title='bbox 544 1370 655 1424; x_wconf 90' lang='lat' dir='ltr'><strong>monte</strong></span> <span class='ocrx_word' id='word_1_83' title='bbox 681 1359 814 1443; x_wconf 81' lang='lat' dir='ltr'>Tauro,</span> <span class='ocrx_word' id='word_1_84' title='bbox 847 1383 865 1423; x_wconf 88' lang='lat' dir='ltr'><strong>a</strong></span> <span class='ocrx_word' id='word_1_85' title='bbox 891 1359 1027 1424; x_wconf 85' lang='lat' dir='ltr'><strong>meridie</strong></span> <span class='ocrx_word' id='word_1_86' title='bbox 1062 1360 1143 1429; x_wconf 88' lang='lat' dir='ltr'><strong>mari</strong></span> 
     </span>
     <span class='ocr_line' id='line_1_15' title="bbox 109 1444 1142 1598; baseline 0.002 -89"><span class='ocrx_word' id='word_1_87' title='bbox 109 1445 213 1531; x_wconf 62' lang='lat' dir='ltr'><strong>sico,</strong></span> <span class='ocrx_word' id='word_1_88' title='bbox 239 1466 378 1598; x_wconf 50' lang='lat' dir='ltr'><strong>guarum</strong></span> <span class='ocrx_word' id='word_1_89' title='bbox 402 1444 505 1534; x_wconf 89' lang='lat' dir='ltr'><strong>spatia</strong></span> <span class='ocrx_word' id='word_1_90' title='bbox 526 1445 649 1510; x_wconf 87' lang='lat' dir='ltr'><strong>hahent</strong></span> <span class='ocrx_word' id='word_1_91' title='bbox 682 1445 716 1511; x_wconf 91' lang='lat' dir='ltr'><strong>in</strong></span> <span class='ocrx_word' id='word_1_92' title='bbox 738 1445 944 1536; x_wconf 82' lang='lat' dir='ltr'><strong>longitudine</strong></span> <span class='ocrx_word' id='word_1_93' title='bbox 975 1445 1067 1510; x_wconf 86' lang='lat' dir='ltr'><strong>milia</strong></span> <span class='ocrx_word' id='word_1_94' title='bbox 1123 1470 1142 1511; x_wconf 83' lang='grc'><strong>0</strong></span> 
     </span>
     <span class='ocr_line' id='line_1_16' title="bbox 101 1471 1142 1623; baseline -0.002 -22"><span class='ocrx_word' id='word_1_95' title='bbox 101 1530 161 1601; x_wconf 74' lang='lat' dir='ltr'><strong>XI</strong></span> <span class='ocrx_word' id='word_1_96' title='bbox 184 1542 223 1623; x_wconf 34' lang='lat' dir='ltr'><strong>et,</strong></span> <span class='ocrx_word' id='word_1_97' title='bbox 268 1530 323 1598; x_wconf 89' lang='lat' dir='ltr'><strong>CC</strong></span> <span class='ocrx_word' id='word_1_98' title='bbox 345 1529 438 1615; x_wconf 85' lang='lat' dir='ltr'><strong>XX,</strong></span> <span class='ocrx_word' id='word_1_99' title='bbox 459 1532 497 1596; x_wconf 89' lang='lat' dir='ltr'><strong>in</strong></span> <span class='ocrx_word' id='word_1_100' title='bbox 519 1530 693 1596; x_wconf 84' lang='lat' dir='ltr'><strong>latitudine</strong></span> <span class='ocrx_word' id='word_1_101' title='bbox 717 1532 808 1597; x_wconf 91' lang='lat' dir='ltr'><strong>milia</strong></span> <span class='ocrx_word' id='word_1_102' title='bbox 831 1555 988 1621; x_wconf 78' lang='lat' dir='ltr'>passuum</span> <span class='ocrx_word' id='word_1_103' title='bbox 1005 1471 1142 1600; x_wconf 72' lang='lat' dir='ltr'><strong>DCCC]</strong></span> 
     </span>
    </p>

    <p class='ocr_par' dir='ltr' id='par_1_7' title="bbox 15 1641 1142 1997">
     <span class='ocr_line' id='line_1_17' title="bbox 190 1641 1142 1735; baseline -0.001 -24"><span class='ocrx_word' id='word_1_104' title='bbox 190 1645 224 1711; x_wconf 82' lang='grc'><strong>3.</strong></span> <span class='ocrx_word' id='word_1_105' title='bbox 270 1643 509 1734; x_wconf 75' lang='lat' dir='ltr'><strong>Mesopotamia</strong></span> <span class='ocrx_word' id='word_1_106' title='bbox 536 1643 665 1715; x_wconf 79' lang='lat' dir='ltr'><strong>finitur,</strong></span> <span class='ocrx_word' id='word_1_107' title='bbox 684 1641 725 1708; x_wconf 83' lang='lat' dir='ltr'><strong>al)</strong></span> <span class='ocrx_word' id='word_1_108' title='bbox 749 1644 875 1709; x_wconf 86' lang='lat' dir='ltr'><strong>oriente</strong></span> <span class='ocrx_word' id='word_1_109' title='bbox 904 1643 1042 1710; x_wconf 84' lang='lat' dir='ltr'><strong>flumine</strong></span> <span class='ocrx_word' id='word_1_110' title='bbox 1063 1645 1142 1735; x_wconf 82' lang='lat' dir='ltr'><strong>Tigr</strong></span> 
     </span>
     <span class='ocr_line' id='line_1_18' title="bbox 108 1728 1142 1818; baseline 0.007 -26"><span class='ocrx_word' id='word_1_111' title='bbox 108 1728 280 1803; x_wconf 87' lang='lat' dir='ltr'><strong>occidente</strong></span> <span class='ocrx_word' id='word_1_112' title='bbox 304 1731 441 1796; x_wconf 85' lang='lat' dir='ltr'><strong>flumine</strong></span> <span class='ocrx_word' id='word_1_113' title='bbox 462 1729 645 1818; x_wconf 81' lang='lat' dir='ltr'><strong>Euphrate,</strong></span> <span class='ocrx_word' id='word_1_114' title='bbox 666 1752 684 1794; x_wconf 86' lang='lat' dir='ltr'><strong>a</strong></span> <span class='ocrx_word' id='word_1_115' title='bbox 707 1730 929 1818; x_wconf 82' lang='lat' dir='ltr'><strong>septentrione</strong></span> <span class='ocrx_word' id='word_1_116' title='bbox 954 1743 1065 1796; x_wconf 89' lang='lat' dir='ltr'><strong>monte</strong></span> <span class='ocrx_word' id='word_1_117' title='bbox 1088 1733 1142 1799; x_wconf 86' lang='lat' dir='ltr'><strong>Ta·</strong></span> 
     </span>
     <span class='ocr_line' id='line_1_19' title="bbox 15 1809 1141 1912; baseline 0.004 -33"><span class='ocrx_word' id='word_1_118' title='bbox 15 1809 28 1831; x_wconf 85' lang='lat'><strong><em>¹</em></strong></span> <span class='ocrx_word' id='word_1_119' title='bbox 109 1816 249 1882; x_wconf 87' lang='lat' dir='ltr'><strong>meridie</strong></span> <span class='ocrx_word' id='word_1_120' title='bbox 270 1816 353 1883; x_wconf 81' lang='lat' dir='ltr'><strong>mari</strong></span> <span class='ocrx_word' id='word_1_121' title='bbox 382 1815 537 1907; x_wconf 67' lang='lat' dir='ltr'><strong>persico,</strong></span> <span class='ocrx_word' id='word_1_122' title='bbox 572 1815 668 1881; x_wconf 86' lang='lat' dir='ltr'><strong>cuius</strong></span> <span class='ocrx_word' id='word_1_123' title='bbox 700 1817 805 1905; x_wconf 84' lang='lat' dir='ltr'><strong>spatia</strong></span> <span class='ocrx_word' id='word_1_124' title='bbox 836 1818 958 1882; x_wconf 85' lang='lat' dir='ltr'><strong>hahent</strong></span> <span class='ocrx_word' id='word_1_125' title='bbox 988 1816 1024 1882; x_wconf 87' lang='lat' dir='ltr'><strong>in</strong></span> <span class='ocrx_word' id='word_1_126' title='bbox 1045 1816 1141 1912; x_wconf 80' lang='lat' dir='ltr'><strong>longi</strong></span> 
     </span>
     <span class='ocr_line' id='line_1_20' title="bbox 108 1899 533 1997; baseline 0.005 -33"><span class='ocrx_word' id='word_1_127' title='bbox 108 1901 200 1969; x_wconf 90' lang='lat' dir='ltr'><strong>milia</strong></span> <span class='ocrx_word' id='word_1_128' title='bbox 221 1924 382 1997; x_wconf 83' lang='lat' dir='ltr'><strong>passuum</strong></span> <span class='ocrx_word' id='word_1_129' title='bbox 401 1899 533 1979; x_wconf 87' lang='lat' dir='ltr'>DCCC.</span> 
     </span>
    </p>
   </div>
   <div class='ocr_carea' id='block_1_7' title="bbox 80 2030 1140 2395">
    <p class='ocr_par' dir='ltr' id='par_1_8' title="bbox 193 2030 1140 2124">
     <span class='ocr_line' id='line_1_21' title="bbox 193 2030 1140 2124; baseline 0.003 -24"><span class='ocrx_word' id='word_1_130' title='bbox 193 2034 229 2099; x_wconf 71' lang='grc'><strong>1.</strong></span> <span class='ocrx_word' id='word_1_131' title='bbox 279 2032 375 2124; x_wconf 72' lang='lat' dir='ltr'><strong>Syria</strong></span> <span class='ocrx_word' id='word_1_132' title='bbox 393 2030 510 2096; x_wconf 82' lang='lat' dir='ltr'><strong>finitur</strong></span> <span class='ocrx_word' id='word_1_133' title='bbox 529 2031 571 2096; x_wconf 84' lang='lat' dir='ltr'><strong>ah</strong></span> <span class='ocrx_word' id='word_1_134' title='bbox 593 2031 718 2099; x_wconf 88' lang='lat' dir='ltr'><strong>oriente</strong></span> <span class='ocrx_word' id='word_1_135' title='bbox 740 2033 876 2099; x_wconf 83' lang='lat' dir='ltr'><strong>flumine</strong></span> <span class='ocrx_word' id='word_1_136' title='bbox 890 2033 1080 2121; x_wconf 79' lang='lat' dir='ltr'><strong>Euphrate,</strong></span> <span class='ocrx_word' id='word_1_137' title='bbox 1105 2036 1140 2103; x_wconf 83' lang='lat' dir='ltr'><strong>al</strong></span> 
     </span>
    </p>

    <p class='ocr_par' dir='ltr' id='par_1_9' title="bbox 80 2117 1140 2395">
     <span class='ocr_line' id='line_1_22' title="bbox 80 2117 1140 2223; baseline 0.004 -37"><span class='ocrx_word' id='word_1_138' title='bbox 80 2170 81 2175; x_wconf 19' lang='grc' dir='ltr'>η</span> <span class='ocrx_word' id='word_1_139' title='bbox 107 2117 208 2187; x_wconf 73' lang='lat' dir='ltr'><strong>(lente</strong></span> <span class='ocrx_word' id='word_1_140' title='bbox 228 2120 311 2186; x_wconf 91' lang='lat' dir='ltr'><strong>mari</strong></span> <span class='ocrx_word' id='word_1_141' title='bbox 332 2117 510 2223; x_wconf 66' lang='lat' dir='ltr'><strong>aegpptio,</strong></span> <span class='ocrx_word' id='word_1_142' title='bbox 538 2142 557 2182; x_wconf 86' lang='lat' dir='ltr'><strong>a</strong></span> <span class='ocrx_word' id='word_1_143' title='bbox 588 2119 810 2209; x_wconf 87' lang='lat' dir='ltr'><strong>septentrione</strong></span> <span class='ocrx_word' id='word_1_144' title='bbox 833 2121 923 2212; x_wconf 87' lang='lat' dir='ltr'><strong>quod</strong></span> <span class='ocrx_word' id='word_1_145' title='bbox 943 2122 1031 2186; x_wconf 89' lang='lat' dir='ltr'><strong>inter</strong></span> <span class='ocrx_word' id='word_1_146' title='bbox 1052 2123 1140 2213; x_wconf 71' lang='lat' dir='ltr'><strong>Cypr</strong></span> 
     </span>
     <span class='ocr_line' id='line_1_23' title="bbox 94 2203 1140 2298; baseline 0.003 -26"><span class='ocrx_word' id='word_1_147' title='bbox 94 2204 239 2298; x_wconf 74' lang='lat' dir='ltr'><strong>‘Syriam</strong></span> <span class='ocrx_word' id='word_1_148' title='bbox 259 2217 310 2272; x_wconf 87' lang='lat' dir='ltr'><strong>est</strong></span> <span class='ocrx_word' id='word_1_149' title='bbox 330 2226 474 2286; x_wconf 67' lang='lat' dir='ltr'><strong>mama</strong></span> <span class='ocrx_word' id='word_1_150' title='bbox 492 2203 632 2283; x_wconf 86' lang='lat' dir='ltr'><strong>meridie</strong></span> <span class='ocrx_word' id='word_1_151' title='bbox 653 2204 777 2270; x_wconf 74' lang='lat' dir='ltr'><strong>Arabia</strong></span> <span class='ocrx_word' id='word_1_152' title='bbox 798 2231 881 2295; x_wconf 90' lang='lat' dir='ltr'><strong>quae</strong></span> <span class='ocrx_word' id='word_1_153' title='bbox 904 2217 954 2271; x_wconf 90' lang='lat' dir='ltr'><strong>est</strong></span> <span class='ocrx_word' id='word_1_154' title='bbox 981 2208 1069 2272; x_wconf 91' lang='lat' dir='ltr'><strong>inter</strong></span> <span class='ocrx_word' id='word_1_155' title='bbox 1090 2234 1140 2275; x_wconf 84' lang='lat' dir='ltr'><strong>ma</strong></span> 
     </span>
     <span class='ocr_line' id='line_1_24' title="bbox 109 2289 1139 2395; baseline 0.006 -38"><span class='ocrx_word' id='word_1_156' title='bbox 109 2292 207 2359; x_wconf 87' lang='lat' dir='ltr'><strong>hrum</strong></span> <span class='ocrx_word' id='word_1_157' title='bbox 230 2303 264 2358; x_wconf 91' lang='lat' dir='ltr'><strong>et</strong></span> <span class='ocrx_word' id='word_1_158' title='bbox 283 2293 392 2357; x_wconf 90' lang='lat' dir='ltr'><strong>sinum</strong></span> <span class='ocrx_word' id='word_1_159' title='bbox 413 2289 599 2376; x_wconf 65' lang='lat' dir='ltr'><strong>persicum,</strong></span> <span class='ocrx_word' id='word_1_160' title='bbox 632 2292 726 2357; x_wconf 88' lang='lat' dir='ltr'><strong>cuius</strong></span> <span class='ocrx_word' id='word_1_161' title='bbox 748 2294 851 2395; x_wconf 71' lang='lat' dir='ltr'><strong>spatia</strong></span> <span class='ocrx_word' id='word_1_162' title='bbox 879 2293 912 2357; x_wconf 89' lang='lat' dir='ltr'><strong>in</strong></span> <span class='ocrx_word' id='word_1_163' title='bbox 936 2293 1139 2383; x_wconf 82' lang='lat' dir='ltr'><strong>longitudine</strong></span> 
     </span>
    </p>
   </div>
   <div class='ocr_carea' id='block_1_8' title="bbox 109 2375 1139 2471">
    <p class='ocr_par' dir='ltr' id='par_1_10' title="bbox 109 2375 1139 2471">
     <span class='ocr_line' id='line_1_25' title="bbox 109 2375 1139 2471; baseline 0.002 -25"><span class='ocrx_word' id='word_1_164' title='bbox 109 2375 484 2471; x_wconf 75' lang='lat' dir='ltr'><strong>passuum&#39;CCCLXX,</strong></span> <span class='ocrx_word' id='word_1_165' title='bbox 506 2375 541 2440; x_wconf 90' lang='lat' dir='ltr'><strong>in</strong></span> <span class='ocrx_word' id='word_1_166' title='bbox 559 2375 732 2443; x_wconf 88' lang='lat' dir='ltr'><strong>latitudine</strong></span> <span class='ocrx_word' id='word_1_167' title='bbox 754 2379 845 2444; x_wconf 79' lang='lat' dir='ltr'><strong>milia</strong></span> <span class='ocrx_word' id='word_1_168' title='bbox 865 2401 1021 2469; x_wconf 85' lang='lat' dir='ltr'><strong>passuum</strong></span> <span class='ocrx_word' id='word_1_169' title='bbox 1044 2381 1139 2448; x_wconf 82' lang='lat' dir='ltr'><strong>CLX</strong></span> 
     </span>
    </p>
   </div>
   <div class='ocr_carea' id='block_1_9' title="bbox 45 2503 1139 2916">
    <p class='ocr_par' dir='ltr' id='par_1_11' title="bbox 45 2503 1139 2916">
     <span class='ocr_line' id='line_1_26' title="bbox 196 2503 1139 2607; baseline 0.004 -38"><span class='ocrx_word' id='word_1_170' title='bbox 196 2504 229 2569; x_wconf 81' lang='grc'><strong>5.</strong></span> <span class='ocrx_word' id='word_1_171' title='bbox 274 2503 387 2589; x_wconf 79' lang='lat' dir='ltr'><strong>Insula</strong></span> <span class='ocrx_word' id='word_1_172' title='bbox 415 2503 545 2607; x_wconf 77' lang='lat' dir='ltr'><strong>Cyprus</strong></span> <span class='ocrx_word' id='word_1_173' title='bbox 581 2504 695 2568; x_wconf 84' lang='lat' dir='ltr'><strong>finitur</strong></span> <span class='ocrx_word' id='word_1_174' title='bbox 728 2503 769 2585; x_wconf 83' lang='lat' dir='ltr'><strong>ah</strong></span> <span class='ocrx_word' id='word_1_175' title='bbox 803 2504 930 2569; x_wconf 88' lang='lat' dir='ltr'><strong>oriente</strong></span> <span class='ocrx_word' id='word_1_176' title='bbox 960 2505 1043 2570; x_wconf 87' lang='lat' dir='ltr'><strong>mari</strong></span> <span class='ocrx_word' id='word_1_177' title='bbox 1065 2507 1139 2596; x_wconf 73' lang='lat' dir='ltr'><strong>syri</strong></span> 
     </span>
     <span class='ocr_line' id='line_1_27' title="bbox 45 2590 1126 2695; baseline 0.002 -39"><span class='ocrx_word' id='word_1_178' title='bbox 45 2672 48 2678; x_wconf 86' lang='lat'><em>.</em></span> <span class='ocrx_word' id='word_1_179' title='bbox 111 2590 280 2657; x_wconf 83' lang='lat' dir='ltr'><strong>occidente</strong></span> <span class='ocrx_word' id='word_1_180' title='bbox 302 2591 506 2695; x_wconf 72' lang='lat' dir='ltr'><strong>pamphylio,</strong></span> <span class='ocrx_word' id='word_1_181' title='bbox 528 2615 547 2654; x_wconf 87' lang='grc'><strong>0</strong></span> <span class='ocrx_word' id='word_1_182' title='bbox 569 2591 793 2680; x_wconf 86' lang='lat' dir='ltr'><strong>septentrione</strong></span> <span class='ocrx_word' id='word_1_183' title='bbox 813 2591 946 2655; x_wconf 86' lang='lat' dir='ltr'><strong>Aulone</strong></span> <span class='ocrx_word' id='word_1_184' title='bbox 971 2591 1126 2676; x_wconf 80' lang='lat' dir='ltr'><strong>Ciliciae,</strong></span> 
     </span>
     <span class='ocr_line' id='line_1_28' title="bbox 102 2675 1138 2765; baseline 0.005 -23"><span class='ocrx_word' id='word_1_185' title='bbox 102 2677 196 2751; x_wconf 58' lang='lat' dir='ltr'><strong>,ridie</strong></span> <span class='ocrx_word' id='word_1_186' title='bbox 235 2701 316 2744; x_wconf 85' lang='lat' dir='ltr'><strong>marr</strong></span> <span class='ocrx_word' id='word_1_187' title='bbox 362 2675 561 2765; x_wconf 67' lang='lat' dir='ltr'><strong>phoenicio,</strong></span> <span class='ocrx_word' id='word_1_188' title='bbox 607 2676 703 2741; x_wconf 90' lang='lat' dir='ltr'><strong>cuius</strong></span> <span class='ocrx_word' id='word_1_189' title='bbox 737 2676 841 2765; x_wconf 88' lang='lat' dir='ltr'><strong>spatia</strong></span> <span class='ocrx_word' id='word_1_190' title='bbox 881 2677 1004 2741; x_wconf 89' lang='lat' dir='ltr'><strong>hahent</strong></span> <span class='ocrx_word' id='word_1_191' title='bbox 1039 2679 1075 2743; x_wconf 90' lang='lat' dir='ltr'><strong>in</strong></span> <span class='ocrx_word' id='word_1_192' title='bbox 1113 2681 1138 2747; x_wconf 76' lang='lat' dir='ltr'><strong>lt</strong></span> 
     </span>
     <span class='ocr_line' id='line_1_29' title="bbox 109 2760 1138 2916; baseline 0.005 -88"><span class='ocrx_word' id='word_1_193' title='bbox 109 2763 207 2915; x_wconf 48' lang='lat' dir='ltr'><strong>gip}</strong></span> <span class='ocrx_word' id='word_1_194' title='bbox 206 2763 302 2916; x_wconf 43' lang='grc' dir='ltr'><strong>ῧ1110</strong></span> <span class='ocrx_word' id='word_1_195' title='bbox 331 2786 488 2852; x_wconf 87' lang='lat' dir='ltr'><strong>passuum</strong></span> <span class='ocrx_word' id='word_1_196' title='bbox 517 2760 701 2849; x_wconf 70' lang='lat' dir='ltr'><strong>CLXXY,</strong></span> <span class='ocrx_word' id='word_1_197' title='bbox 731 2763 766 2828; x_wconf 90' lang='grc'><strong>10</strong></span> <span class='ocrx_word' id='word_1_198' title='bbox 785 2762 963 2847; x_wconf 81' lang='lat' dir='ltr'><strong>latitudine</strong></span> <span class='ocrx_word' id='word_1_199' title='bbox 984 2763 1076 2830; x_wconf 89' lang='lat' dir='ltr'><strong>milia</strong></span> <span class='ocrx_word' id='word_1_200' title='bbox 1098 2790 1138 2857; x_wconf 86' lang='lat' dir='ltr'><strong>pa</strong></span> 
     </span>
    </p>
   </div>
   <div class='ocr_carea' id='block_1_10' title="bbox 110 2959 1137 3315">
    <p class='ocr_par' dir='ltr' id='par_1_12' title="bbox 110 2959 1137 3223">
     <span class='ocr_line' id='line_1_30' title="bbox 164 2959 1137 3053; baseline 0 -23"><span class='ocrx_word' id='word_1_201' title='bbox 164 3036 165 3041; x_wconf 8' lang='grc' dir='ltr'>γ</span> <span class='ocrx_word' id='word_1_202' title='bbox 194 2964 230 3030; x_wconf 84' lang='grc'><strong>6.</strong></span> <span class='ocrx_word' id='word_1_203' title='bbox 275 2961 434 3028; x_wconf 84' lang='lat' dir='ltr'><strong>Armenia</strong></span> <span class='ocrx_word' id='word_1_204' title='bbox 465 2959 579 3027; x_wconf 87' lang='lat' dir='ltr'><strong>finitur</strong></span> <span class='ocrx_word' id='word_1_205' title='bbox 614 2962 656 3026; x_wconf 88' lang='lat' dir='ltr'><strong>ah</strong></span> <span class='ocrx_word' id='word_1_206' title='bbox 691 2959 818 3027; x_wconf 89' lang='lat' dir='ltr'><strong>oriente</strong></span> <span class='ocrx_word' id='word_1_207' title='bbox 850 2960 933 3026; x_wconf 88' lang='lat' dir='ltr'><strong>mari</strong></span> <span class='ocrx_word' id='word_1_208' title='bbox 965 2962 1077 3053; x_wconf 89' lang='lat' dir='ltr'><strong>caspio</strong></span> <span class='ocrx_word' id='word_1_209' title='bbox 1111 2979 1137 3033; x_wconf 89' lang='lat' dir='ltr'><strong>et</strong></span> 
     </span>
     <span class='ocr_line' id='line_1_31' title="bbox 110 3046 1137 3151; baseline 0.003 -37"><span class='ocrx_word' id='word_1_210' title='bbox 110 3046 198 3115; x_wconf 86' lang='lat' dir='ltr'><strong>eirea</strong></span> <span class='ocrx_word' id='word_1_211' title='bbox 228 3058 342 3151; x_wconf 71' lang='lat' dir='ltr'><strong>gentes</strong></span> <span class='ocrx_word' id='word_1_212' title='bbox 376 3057 473 3130; x_wconf 90' lang='lat' dir='ltr'><strong>sunt,</strong></span> <span class='ocrx_word' id='word_1_213' title='bbox 506 3047 547 3112; x_wconf 91' lang='lat' dir='ltr'><strong>ah</strong></span> <span class='ocrx_word' id='word_1_214' title='bbox 581 3048 750 3114; x_wconf 90' lang='lat' dir='ltr'><strong>occidente</strong></span> <span class='ocrx_word' id='word_1_215' title='bbox 781 3047 863 3112; x_wconf 91' lang='lat' dir='ltr'><strong>mari</strong></span> <span class='ocrx_word' id='word_1_216' title='bbox 891 3051 1053 3135; x_wconf 88' lang='lat' dir='ltr'><strong>pontico„</strong></span> <span class='ocrx_word' id='word_1_217' title='bbox 1082 3074 1137 3118; x_wconf 87' lang='lat' dir='ltr'><strong>as</strong></span> 
     </span>
     <span class='ocr_line' id='line_1_32' title="bbox 110 3132 1136 3223; baseline 0.005 -23"><span class='ocrx_word' id='word_1_218' title='bbox 110 3134 217 3200; x_wconf 87' lang='lat' dir='ltr'><strong>trione‘</strong></span> <span class='ocrx_word' id='word_1_219' title='bbox 240 3134 327 3223; x_wconf 83' lang='lat' dir='ltr'><strong>rugis</strong></span> <span class='ocrx_word' id='word_1_220' title='bbox 349 3133 469 3200; x_wconf 89' lang='lat' dir='ltr'><strong>montis</strong></span> <span class='ocrx_word' id='word_1_221' title='bbox 492 3132 655 3217; x_wconf 79' lang='lat' dir='ltr'><strong>Caucasi,</strong></span> <span class='ocrx_word' id='word_1_222' title='bbox 680 3157 699 3199; x_wconf 93' lang='lat' dir='ltr'><strong>a</strong></span> <span class='ocrx_word' id='word_1_223' title='bbox 720 3134 857 3199; x_wconf 87' lang='lat' dir='ltr'><strong>meridie</strong></span> <span class='ocrx_word' id='word_1_224' title='bbox 879 3146 989 3200; x_wconf 90' lang='lat' dir='ltr'><strong>monte</strong></span> <span class='ocrx_word' id='word_1_225' title='bbox 1009 3135 1136 3205; x_wconf 84' lang='lat' dir='ltr'><strong>Tauro:</strong></span> 
     </span>
    </p>

    <p class='ocr_par' dir='ltr' id='par_1_13' title="bbox 112 3216 1136 3315">
     <span class='ocr_line' id='line_1_33' title="bbox 112 3216 1136 3315; baseline 0.005 -30"><span class='ocrx_word' id='word_1_226' title='bbox 112 3230 225 3310; x_wconf 86' lang='lat' dir='ltr'><strong>patet,</strong></span> <span class='ocrx_word' id='word_1_227' title='bbox 249 3228 409 3310; x_wconf 88' lang='lat' dir='ltr'><strong>quantum</strong></span> <span class='ocrx_word' id='word_1_228' title='bbox 429 3220 597 3309; x_wconf 84' lang='lat' dir='ltr'><strong>cognitum</strong></span> <span class='ocrx_word' id='word_1_229' title='bbox 620 3230 682 3305; x_wconf 89' lang='lat' dir='ltr'><strong>cst,</strong></span> <span class='ocrx_word' id='word_1_230' title='bbox 703 3220 795 3285; x_wconf 91' lang='lat' dir='ltr'><strong>milia</strong></span> <span class='ocrx_word' id='word_1_231' title='bbox 815 3217 971 3309; x_wconf 88' lang='lat' dir='ltr'><strong>passuum</strong></span> <span class='ocrx_word' id='word_1_232' title='bbox 993 3216 1136 3315; x_wconf 78' lang='lat' dir='ltr'><strong>CCCCE</strong></span> 
     </span>
    </p>
   </div>
   <div class='ocr_carea' id='block_1_11' title="bbox 110 3361 1136 3798">
    <p class='ocr_par' dir='ltr' id='par_1_14' title="bbox 110 3361 1136 3798">
     <span class='ocr_line' id='line_1_34' title="bbox 196 3361 1136 3454; baseline 0.007 -28"><span class='ocrx_word' id='word_1_233' title='bbox 196 3364 231 3426; x_wconf 80' lang='lat'><strong>7.</strong></span> <span class='ocrx_word' id='word_1_234' title='bbox 254 3362 368 3426; x_wconf 90' lang='lat' dir='ltr'><strong>Insula</strong></span> <span class='ocrx_word' id='word_1_235' title='bbox 388 3361 527 3430; x_wconf 86' lang='lat' dir='ltr'><strong>Rhodus</strong></span> <span class='ocrx_word' id='word_1_236' title='bbox 549 3390 624 3431; x_wconf 92' lang='lat' dir='ltr'><strong>eum</strong></span> <span class='ocrx_word' id='word_1_237' title='bbox 656 3364 778 3447; x_wconf 88' lang='lat' dir='ltr'><strong>Samo,</strong></span> <span class='ocrx_word' id='word_1_238' title='bbox 799 3366 907 3450; x_wconf 85' lang='lat' dir='ltr'><strong>Chio,</strong></span> <span class='ocrx_word' id='word_1_239' title='bbox 930 3377 963 3432; x_wconf 91' lang='lat' dir='ltr'><strong>et</strong></span> <span class='ocrx_word' id='word_1_240' title='bbox 985 3388 1069 3454; x_wconf 87' lang='lat' dir='ltr'><strong>quae</strong></span> <span class='ocrx_word' id='word_1_241' title='bbox 1093 3391 1136 3433; x_wconf 86' lang='lat' dir='ltr'><strong>su:</strong></span> 
     </span>
     <span class='ocr_line' id='line_1_35' title="bbox 111 3448 1135 3535; baseline 0.004 -19"><span class='ocrx_word' id='word_1_242' title='bbox 111 3448 243 3532; x_wconf 87' lang='lat' dir='ltr'><strong>clades,</strong></span> <span class='ocrx_word' id='word_1_243' title='bbox 265 3448 488 3514; x_wconf 78' lang='lat' dir='ltr'><strong>finiuntur-ab</strong></span> <span class='ocrx_word' id='word_1_244' title='bbox 511 3452 638 3516; x_wconf 87' lang='lat' dir='ltr'><strong>oriente</strong></span> <span class='ocrx_word' id='word_1_245' title='bbox 662 3451 829 3517; x_wconf 85' lang='lat' dir='ltr'><strong>littoribus</strong></span> <span class='ocrx_word' id='word_1_246' title='bbox 850 3453 973 3535; x_wconf 87' lang='lat' dir='ltr'><strong>Asiae,</strong></span> <span class='ocrx_word' id='word_1_247' title='bbox 1011 3452 1053 3514; x_wconf 89' lang='lat' dir='ltr'><strong>ah</strong></span> <span class='ocrx_word' id='word_1_248' title='bbox 1085 3477 1135 3521; x_wconf 80' lang='lat' dir='ltr'><strong>oct</strong></span> 
     </span>
     <span class='ocr_line' id='line_1_36' title="bbox 111 3533 1135 3627; baseline -0.003 -25"><span class='ocrx_word' id='word_1_249' title='bbox 111 3533 193 3602; x_wconf 85' lang='lat' dir='ltr'><strong>mari</strong></span> <span class='ocrx_word' id='word_1_250' title='bbox 214 3533 314 3600; x_wconf 90' lang='lat' dir='ltr'><strong>icario</strong></span> <span class='ocrx_word' id='word_1_251' title='bbox 325 3558 385 3616; x_wconf 85' lang='lat' dir='ltr'><strong>,a</strong></span> <span class='ocrx_word' id='word_1_252' title='bbox 414 3537 639 3625; x_wconf 88' lang='lat' dir='ltr'><strong>septentrione</strong></span> <span class='ocrx_word' id='word_1_253' title='bbox 674 3538 756 3601; x_wconf 89' lang='lat' dir='ltr'><strong>mari</strong></span> <span class='ocrx_word' id='word_1_254' title='bbox 787 3562 927 3627; x_wconf 83' lang='lat' dir='ltr'><strong>aegaeo,</strong></span> <span class='ocrx_word' id='word_1_255' title='bbox 966 3562 985 3602; x_wconf 91' lang='lat' dir='ltr'><strong>a</strong></span> <span class='ocrx_word' id='word_1_256' title='bbox 1010 3539 1135 3603; x_wconf 81' lang='lat' dir='ltr'><strong>meridi</strong></span> 
     </span>
     <span class='ocr_line' id='line_1_37' title="bbox 111 3619 1120 3722; baseline 0.004 -36"><span class='ocrx_word' id='word_1_257' title='bbox 111 3619 298 3709; x_wconf 73' lang='lat' dir='ltr'><strong>carpathio,</strong></span> <span class='ocrx_word' id='word_1_258' title='bbox 322 3644 406 3722; x_wconf 69' lang='lat' dir='ltr'><strong>quae</strong></span> <span class='ocrx_word' id='word_1_259' title='bbox 425 3633 539 3712; x_wconf 88' lang='lat' dir='ltr'><strong>patent</strong></span> <span class='ocrx_word' id='word_1_260' title='bbox 560 3622 595 3688; x_wconf 90' lang='lat' dir='ltr'><strong>in</strong></span> <span class='ocrx_word' id='word_1_261' title='bbox 616 3622 824 3711; x_wconf 84' lang='lat' dir='ltr'><strong>longitudine</strong></span> <span class='ocrx_word' id='word_1_262' title='bbox 845 3624 936 3690; x_wconf 83' lang='lat' dir='ltr'><strong>milia</strong></span> <span class='ocrx_word' id='word_1_263' title='bbox 961 3647 1120 3713; x_wconf 88' lang='lat' dir='ltr'><strong>passuum</strong></span> 
     </span>
     <span class='ocr_line' id='line_1_38' title="bbox 110 3706 666 3798; baseline 0 -26"><span class='ocrx_word' id='word_1_264' title='bbox 110 3706 283 3772; x_wconf 87' lang='lat' dir='ltr'><strong>latitudine</strong></span> <span class='ocrx_word' id='word_1_265' title='bbox 305 3707 395 3772; x_wconf 79' lang='lat' dir='ltr'><strong>milia</strong></span> <span class='ocrx_word' id='word_1_266' title='bbox 415 3732 572 3798; x_wconf 89' lang='lat' dir='ltr'><strong>passuum</strong></span> <span class='ocrx_word' id='word_1_267' title='bbox 599 3707 666 3775; x_wconf 89' lang='lat' dir='ltr'><strong>CC.</strong></span> 
     </span>
    </p>
   </div>
   <div class='ocr_carea' id='block_1_12' title="bbox 111 3986 1134 4135">
    <p class='ocr_par' dir='ltr' id='par_1_15' title="bbox 111 3986 1134 4135">
     <span class='ocr_line' id='line_1_39' title="bbox 181 3986 1134 4058; baseline 0.009 -19"><span class='ocrx_word' id='word_1_268' title='bbox 181 3987 228 4054; x_wconf 86' lang='lat'><strong>(1)</strong></span> <span class='ocrx_word' id='word_1_269' title='bbox 247 3988 407 4055; x_wconf 84' lang='lat' dir='ltr'><strong>opuseulum</strong></span> <span class='ocrx_word' id='word_1_270' title='bbox 434 3986 484 4042; x_wconf 86' lang='lat' dir='ltr'><strong>hoe</strong></span> <span class='ocrx_word' id='word_1_271' title='bbox 508 3992 692 4042; x_wconf 81' lang='lat' dir='ltr'><strong>commemorat</strong></span> <span class='ocrx_word' id='word_1_272' title='bbox 708 3986 848 4042; x_wconf 82' lang='lat' dir='ltr'><strong>Bandinius</strong></span> <span class='ocrx_word' id='word_1_273' title='bbox 873 3989 899 4044; x_wconf 87' lang='lat' dir='ltr'><strong>in</strong></span> <span class='ocrx_word' id='word_1_274' title='bbox 918 3991 1039 4058; x_wconf 79' lang='lat' dir='ltr'><strong>catalogo</strong></span> <span class='ocrx_word' id='word_1_275' title='bbox 1066 3991 1134 4048; x_wconf 72' lang='lat' dir='ltr'><strong>rodit</strong></span> 
     </span>
     <span class='ocr_line' id='line_1_40' title="bbox 111 4058 770 4135; baseline 0 -22"><span class='ocrx_word' id='word_1_276' title='bbox 111 4058 255 4113; x_wconf 84' lang='lat' dir='ltr'><strong>hliotheeae</strong></span> <span class='ocrx_word' id='word_1_277' title='bbox 274 4061 448 4135; x_wconf 78' lang='lat' dir='ltr'><strong>tapreuttanae</strong></span> <span class='ocrx_word' id='word_1_278' title='bbox 470 4059 503 4129; x_wconf 78' lang='lat' dir='ltr'><strong>T,</strong></span> <span class='ocrx_word' id='word_1_279' title='bbox 516 4060 556 4113; x_wconf 88' lang='grc' dir='ltr'><strong>ΙΙΙ</strong></span> <span class='ocrx_word' id='word_1_280' title='bbox 573 4060 644 4113; x_wconf 80' lang='lat' dir='ltr'><strong>latin.</strong></span> <span class='ocrx_word' id='word_1_281' title='bbox 671 4077 696 4129; x_wconf 89' lang='lat' dir='ltr'><strong>p.</strong></span> <span class='ocrx_word' id='word_1_282' title='bbox 708 4063 770 4113; x_wconf 77' lang='lat'><strong>3³3.</strong></span> 
     </span>
    </p>
   </div>
   <div class='ocr_carea' id='block_1_13' title="bbox 173 4149 1067 4313">
    <p class='ocr_par' dir='ltr' id='par_1_16' title="bbox 173 4149 1067 4313">
     <span class='ocr_line' id='line_1_41' title="bbox 182 4149 422 4221; baseline -0.004 -19"><span class='ocrx_word' id='word_1_283' title='bbox 182 4149 228 4219; x_wconf 85' lang='lat' dir='ltr'><strong>(a)</strong></span> <span class='ocrx_word' id='word_1_284' title='bbox 248 4149 422 4221; x_wconf 60' lang='grc'><strong>00000310.</strong></span> 
     </span>
     <span class='ocr_line' id='line_1_42' title="bbox 173 4235 1067 4313; baseline -0.002 -18"><span class='ocrx_word' id='word_1_285' title='bbox 173 4242 312 4313; x_wconf 63' lang='lat' dir='ltr'><strong>(2Jludo</strong></span> <span class='ocrx_word' id='word_1_286' title='bbox 326 4243 405 4310; x_wconf 80' lang='lat' dir='ltr'><strong>soit,</strong></span> <span class='ocrx_word' id='word_1_287' title='bbox 424 4241 501 4299; x_wconf 77' lang='lat' dir='ltr'><strong>ouius</strong></span> <span class='ocrx_word' id='word_1_288' title='bbox 527 4256 609 4297; x_wconf 87' lang='lat' dir='ltr'><strong>unum</strong></span> <span class='ocrx_word' id='word_1_289' title='bbox 627 4256 663 4296; x_wconf 84' lang='lat' dir='ltr'><strong>ex</strong></span> <span class='ocrx_word' id='word_1_290' title='bbox 686 4238 760 4294; x_wconf 77' lang='lat' dir='ltr'><strong>ostiu</strong></span> <span class='ocrx_word' id='word_1_291' title='bbox 781 4235 908 4291; x_wconf 61' lang='lat' dir='ltr'><strong>stratuum</strong></span> <span class='ocrx_word' id='word_1_292' title='bbox 928 4239 1067 4294; x_wconf 69' lang='lat' dir='ltr'><strong>eiectatur.</strong></span> 
     </span>
    </p>
   </div>
   <div class='ocr_carea' id='block_1_14' title="bbox 0 0 1346 4606">
    <p class='ocr_par' dir='ltr' id='par_1_17' title="bbox 0 0 1346 4606">
     <span class='ocr_line' id='line_1_43' title="bbox 0 0 1346 4606; baseline 0 0"><span class='ocrx_word' id='word_1_293' title='bbox 0 0 1346 4606; x_wconf 95' lang='lat' dir='ltr'><strong> </strong></span> 
     </span>
    </p>
   </div>
  </div>
 </body>
</html>
