<?xml version="1.0" encoding="UTF-8"?>
<!DOCTYPE html PUBLIC "-//W3C//DTD XHTML 1.0 Transitional//EN"
    "http://www.w3.org/TR/xhtml1/DTD/xhtml1-transitional.dtd">
<html xmlns="http://www.w3.org/1999/xhtml" xml:lang="en" lang="en">
 <head>
  <title>
</title>
<meta http-equiv="Content-Type" content="text/html;charset=utf-8" />
  <meta name='ocr-system' content='tesseract 3.04.00' />
  <meta name='ocr-capabilities' content='ocr_page ocr_carea ocr_par ocr_line ocrx_word'/>
</head>
<body>
  <div class='ocr_page' id='page_1' title='image "./scriptoresrereu00bodegoog_0091.png"; bbox 0 0 2692 4606; ppageno 0'>
   <div class='ocr_carea' id='block_1_1' title="bbox 130 58 1329 357">
    <p class='ocr_par' dir='ltr' id='par_1_1' title="bbox 130 58 1329 357">
     <span class='ocr_line' id='line_1_1' title="bbox 1285 58 1329 117; baseline -0.045 1"><span class='ocrx_word' id='word_1_1' title='bbox 1285 58 1329 117; x_wconf 59' lang='grc' dir='ltr'><strong>Η</strong></span> 
     </span>
     <span class='ocr_line' id='line_1_2' title="bbox 130 169 1085 357; baseline -0.029 -29"><span class='ocrx_word' id='word_1_2' title='bbox 130 229 188 357; x_wconf 64' lang='grc'>64</span> <span class='ocrx_word' id='word_1_3' title='bbox 290 288 293 293; x_wconf 62' lang='grc'><em>»</em></span> <span class='ocrx_word' id='word_1_4' title='bbox 501 169 947 345; x_wconf 61' lang='lat' dir='ltr'>ump.1..-aoa</span> <span class='ocrx_word' id='word_1_5' title='bbox 1081 210 1085 217; x_wconf 85' lang='grc'><strong>’</strong></span> 
     </span>
    </p>
   </div>
   <div class='ocr_carea' id='block_1_2' title="bbox 20 410 1329 3949">
    <p class='ocr_par' dir='ltr' id='par_1_2' title="bbox 134 410 1324 511">
     <span class='ocr_line' id='line_1_3' title="bbox 134 410 1324 511; baseline -0.002 -22"><span class='ocrx_word' id='word_1_6' title='bbox 134 418 280 489; x_wconf 82' lang='lat' dir='ltr'>Cadmus</span> <span class='ocrx_word' id='word_1_7' title='bbox 304 418 429 511; x_wconf 90' lang='lat' dir='ltr'>accepit</span> <span class='ocrx_word' id='word_1_8' title='bbox 449 419 680 503; x_wconf 84' lang='lat' dir='ltr'>Hermionam,</span> <span class='ocrx_word' id='word_1_9' title='bbox 711 418 808 491; x_wconf 84' lang='lat' dir='ltr'>libam</span> <span class='ocrx_word' id='word_1_10' title='bbox 831 419 984 504; x_wconf 85' lang='lat' dir='ltr'>Veneris,</span> <span class='ocrx_word' id='word_1_11' title='bbox 1015 422 1124 491; x_wconf 86' lang='lat' dir='ltr'>uxoris</span> <span class='ocrx_word' id='word_1_12' title='bbox 1146 418 1284 491; x_wconf 81' lang='lat' dir='ltr'>Vulcani</span> <span class='ocrx_word' id='word_1_13' title='bbox 1317 410 1324 431; x_wconf 93' lang='lat'>&#39;</span> 
     </span>
    </p>

    <p class='ocr_par' dir='ltr' id='par_1_3' title="bbox 134 505 1288 596">
     <span class='ocr_line' id='line_1_4' title="bbox 134 505 1288 596; baseline 0.001 -22"><span class='ocrx_word' id='word_1_14' title='bbox 134 518 167 575; x_wconf 88' lang='lat' dir='ltr'>et</span> <span class='ocrx_word' id='word_1_15' title='bbox 188 506 319 588; x_wconf 88' lang='lat' dir='ltr'>Martis,</span> <span class='ocrx_word' id='word_1_16' title='bbox 342 505 385 573; x_wconf 95' lang='lat' dir='ltr'>de</span> <span class='ocrx_word' id='word_1_17' title='bbox 404 528 469 596; x_wconf 88' lang='lat' dir='ltr'>qua</span> <span class='ocrx_word' id='word_1_18' title='bbox 489 509 603 595; x_wconf 78' lang='lat' dir='ltr'>gennit</span> <span class='ocrx_word' id='word_1_19' title='bbox 623 509 787 595; x_wconf 82' lang='lat' dir='ltr'>Agavem,</span> <span class='ocrx_word' id='word_1_20' title='bbox 817 508 997 592; x_wconf 75' lang='lat' dir='ltr'>semelem,</span> <span class='ocrx_word' id='word_1_21' title='bbox 1028 511 1211 577; x_wconf 71' lang='lat' dir='ltr'>Autonodm</span> <span class='ocrx_word' id='word_1_22' title='bbox 1249 518 1288 575; x_wconf 87' lang='lat' dir='ltr'>ct</span> 
     </span>
    </p>

    <p class='ocr_par' dir='ltr' id='par_1_4' title="bbox 134 592 1292 678">
     <span class='ocr_line' id='line_1_5' title="bbox 134 592 1292 678; baseline 0 -17"><span class='ocrx_word' id='word_1_23' title='bbox 134 595 279 661; x_wconf 88' lang='lat' dir='ltr'>Inonem.</span> <span class='ocrx_word' id='word_1_24' title='bbox 322 593 460 678; x_wconf 84' lang='lat' dir='ltr'>Agave</span> <span class='ocrx_word' id='word_1_25' title='bbox 488 592 576 660; x_wconf 89' lang='lat' dir='ltr'>enuit</span> <span class='ocrx_word' id='word_1_26' title='bbox 603 592 794 661; x_wconf 81' lang='lat' dir='ltr'>Pentheum.</span> <span class='ocrx_word' id='word_1_27' title='bbox 836 594 966 662; x_wconf 81' lang='lat' dir='ltr'>Semele</span> <span class='ocrx_word' id='word_1_28' title='bbox 996 592 1176 663; x_wconf 86' lang='lat' dir='ltr'>Bacchum.</span> <span class='ocrx_word' id='word_1_29' title='bbox 1217 595 1292 663; x_wconf 90' lang='lat' dir='ltr'>Au·-</span> 
     </span>
    </p>

    <p class='ocr_par' dir='ltr' id='par_1_5' title="bbox 135 612 1316 779">
     <span class='ocr_line' id='line_1_6' title="bbox 135 612 1316 779; baseline -0.003 -30"><span class='ocrx_word' id='word_1_30' title='bbox 135 685 234 749; x_wconf 78' lang='lat' dir='ltr'>tonoli</span> <span class='ocrx_word' id='word_1_31' title='bbox 254 680 428 746; x_wconf 89' lang='lat' dir='ltr'>Actaeona.</span> <span class='ocrx_word' id='word_1_32' title='bbox 461 612 547 755; x_wconf 61' lang='lat' dir='ltr'>ino,</span> <span class='ocrx_word' id='word_1_33' title='bbox 575 699 657 779; x_wconf 84' lang='lat' dir='ltr'>uxor</span> <span class='ocrx_word' id='word_1_34' title='bbox 683 680 897 762; x_wconf 77' lang='lat' dir='ltr'>Athamantis,</span> <span class='ocrx_word' id='word_1_35' title='bbox 949 690 1001 749; x_wconf 92' lang='lat' dir='ltr'>ost</span> <span class='ocrx_word' id='word_1_36' title='bbox 1020 680 1202 769; x_wconf 89' lang='lat' dir='ltr'>Nephelem</span> <span class='ocrx_word' id='word_1_37' title='bbox 1222 676 1316 769; x_wconf 79' lang='lat' dir='ltr'>ge-·&#39;</span> 
     </span>
    </p>

    <p class='ocr_par' dir='ltr' id='par_1_6' title="bbox 111 763 1285 942">
     <span class='ocr_line' id='line_1_7' title="bbox 111 763 1284 846; baseline -0.005 -8"><span class='ocrx_word' id='word_1_38' title='bbox 111 766 205 838; x_wconf 82' lang='lat' dir='ltr'>cauit</span> <span class='ocrx_word' id='word_1_39' title='bbox 227 764 381 834; x_wconf 75' lang='lat' dir='ltr'>Phrixum</span> <span class='ocrx_word' id='word_1_40' title='bbox 409 773 443 831; x_wconf 91' lang='lat' dir='ltr'>et</span> <span class='ocrx_word' id='word_1_41' title='bbox 471 763 605 846; x_wconf 81' lang='lat' dir='ltr'>Hellen,</span> <span class='ocrx_word' id='word_1_42' title='bbox 637 764 822 835; x_wconf 77' lang='lat' dir='ltr'>Learchum</span> <span class='ocrx_word' id='word_1_43' title='bbox 850 777 884 834; x_wconf 90' lang='lat' dir='ltr'>et</span> <span class='ocrx_word' id='word_1_44' title='bbox 938 767 1109 834; x_wconf 87' lang='lat' dir='ltr'>elicertam.</span> <span class='ocrx_word' id='word_1_45' title='bbox 1153 763 1284 833; x_wconf 81' lang='lat' dir='ltr'>Cadmo</span> 
     </span>
     <span class='ocr_line' id='line_1_8' title="bbox 135 850 1285 942; baseline -0.002 -21"><span class='ocrx_word' id='word_1_46' title='bbox 135 852 290 921; x_wconf 89' lang='lat' dir='ltr'>successit</span> <span class='ocrx_word' id='word_1_47' title='bbox 310 850 440 940; x_wconf 82' lang='lat' dir='ltr'>Lycus,</span> <span class='ocrx_word' id='word_1_48' title='bbox 470 850 561 940; x_wconf 87' lang='lat' dir='ltr'>cujus</span> <span class='ocrx_word' id='word_1_49' title='bbox 583 859 653 918; x_wconf 82' lang='lat' dir='ltr'>erat</span> <span class='ocrx_word' id='word_1_50' title='bbox 672 872 753 917; x_wconf 83' lang='lat' dir='ltr'>uxor</span> <span class='ocrx_word' id='word_1_51' title='bbox 772 852 927 941; x_wconf 91' lang='lat' dir='ltr'>Antiopa,</span> <span class='ocrx_word' id='word_1_52' title='bbox 953 853 1071 942; x_wconf 85' lang='lat' dir='ltr'>Nyctei</span> <span class='ocrx_word' id='word_1_53' title='bbox 1096 850 1177 931; x_wconf 89' lang='lat' dir='ltr'>filia,</span> <span class='ocrx_word' id='word_1_54' title='bbox 1208 873 1285 919; x_wconf 84' lang='lat' dir='ltr'>cuna</span> 
     </span>
    </p>

    <p class='ocr_par' dir='ltr' id='par_1_7' title="bbox 65 935 1285 1126">
     <span class='ocr_line' id='line_1_9' title="bbox 65 935 1285 1030; baseline 0.001 -26"><span class='ocrx_word' id='word_1_55' title='bbox 65 1020 67 1025; x_wconf 67' lang='lat'>,</span> <span class='ocrx_word' id='word_1_56' title='bbox 158 961 199 1004; x_wconf 91' lang='lat' dir='ltr'>ua</span> <span class='ocrx_word' id='word_1_57' title='bbox 220 937 436 1003; x_wconf 82' lang='lat' dir='ltr'>concumbens</span> <span class='ocrx_word' id='word_1_58' title='bbox 455 935 603 1025; x_wconf 90' lang='lat' dir='ltr'>Juppiter</span> <span class='ocrx_word' id='word_1_59' title='bbox 622 936 654 1002; x_wconf 90' lang='lat' dir='ltr'>in</span> <span class='ocrx_word' id='word_1_60' title='bbox 675 936 785 1025; x_wconf 87' lang='lat' dir='ltr'>specie</span> <span class='ocrx_word' id='word_1_61' title='bbox 806 938 931 1030; x_wconf 82' lang='lat' dir='ltr'>Satyri,</span> <span class='ocrx_word' id='word_1_62' title='bbox 952 938 1067 1026; x_wconf 82' lang='lat' dir='ltr'>gennit</span> <span class='ocrx_word' id='word_1_63' title='bbox 1087 935 1229 1005; x_wconf 82' lang='lat' dir='ltr'>Zethum</span> <span class='ocrx_word' id='word_1_64' title='bbox 1249 946 1285 1005; x_wconf 87' lang='lat' dir='ltr'>et</span> 
     </span>
     <span class='ocr_line' id='line_1_10' title="bbox 134 962 1285 1126; baseline 0 -35"><span class='ocrx_word' id='word_1_65' title='bbox 134 962 360 1126; x_wconf 79' lang='lat' dir='ltr'>Amphionem,</span> <span class='ocrx_word' id='word_1_66' title='bbox 387 1020 625 1125; x_wconf 32' lang='lat' dir='ltr'>quinsuccessit·</span> <span class='ocrx_word' id='word_1_67' title='bbox 638 1022 807 1126; x_wconf 45' lang='lat' dir='ltr'>Lyco,·et</span> <span class='ocrx_word' id='word_1_68' title='bbox 825 1024 951 1117; x_wconf 85' lang='lat' dir='ltr'>accepit</span> <span class='ocrx_word' id='word_1_69' title='bbox 969 1024 1117 1103; x_wconf 83' lang='lat' dir='ltr'>Nioben,</span> <span class='ocrx_word' id='word_1_70' title='bbox 1144 1021 1189 1091; x_wconf 87' lang='lat' dir='ltr'>de</span> <span class='ocrx_word' id='word_1_71' title='bbox 1218 1045 1285 1112; x_wconf 81' lang='lat' dir='ltr'>qua</span> 
     </span>
    </p>

    <p class='ocr_par' dir='ltr' id='par_1_8' title="bbox 20 1104 1329 1284">
     <span class='ocr_line' id='line_1_11' title="bbox 20 1104 1329 1284; baseline 0.002 -23"><span class='ocrx_word' id='word_1_72' title='bbox 20 1196 23 1205; x_wconf 80' lang='grc'><em>’</em></span> <span class='ocrx_word' id='word_1_73' title='bbox 94 1119 392 1268; x_wconf 63' lang='lat' dir='ltr'>logenuptappptppp</span> <span class='ocrx_word' id='word_1_74' title='bbox 404 1106 550 1261; x_wconf 60' lang='lat' dir='ltr'>lidhhdtdt</span> <span class='ocrx_word' id='word_1_75' title='bbox 568 1104 864 1284; x_wconf 61' lang='lat' dir='ltr'>tllllllilmOdlliliunr.</span> <span class='ocrx_word' id='word_1_76' title='bbox 906 1190 1055 1284; x_wconf 85' lang='lat' dir='ltr'>Oedipus</span> <span class='ocrx_word' id='word_1_77' title='bbox 1081 1192 1126 1263; x_wconf 91' lang='lat' dir='ltr'>de</span> <span class='ocrx_word' id='word_1_78' title='bbox 1152 1195 1285 1263; x_wconf 87' lang='lat' dir='ltr'>Iocasta</span> <span class='ocrx_word' id='word_1_79' title='bbox 1325 1214 1329 1221; x_wconf 93' lang='grc'><strong><em>·</em></strong></span> 
     </span>
    </p>

    <p class='ocr_par' dir='ltr' id='par_1_9' title="bbox 33 1214 1291 1370">
     <span class='ocr_line' id='line_1_12' title="bbox 33 1214 1291 1370; baseline 0.001 -22"><span class='ocrx_word' id='word_1_80' title='bbox 33 1319 35 1323; x_wconf 56' lang='lat'>&gt;</span> <span class='ocrx_word' id='word_1_81' title='bbox 135 1281 250 1370; x_wconf 86' lang='lat' dir='ltr'>gennit</span> <span class='ocrx_word' id='word_1_82' title='bbox 276 1277 444 1348; x_wconf 82' lang='lat' dir='ltr'>Eteoclem</span> <span class='ocrx_word' id='word_1_83' title='bbox 484 1290 518 1346; x_wconf 86' lang='lat' dir='ltr'>et</span> <span class='ocrx_word' id='word_1_84' title='bbox 556 1214 763 1368; x_wconf 68' lang='lat' dir='ltr'>Polynicem,</span> <span class='ocrx_word' id='word_1_85' title='bbox 791 1280 963 1348; x_wconf 79' lang='lat' dir='ltr'>ismenem</span> <span class='ocrx_word' id='word_1_86' title='bbox 1006 1292 1040 1350; x_wconf 82' lang='lat' dir='ltr'>ct</span> <span class='ocrx_word' id='word_1_87' title='bbox 1079 1270 1291 1370; x_wconf 72' lang='lat' dir='ltr'>Antigonami</span> 
     </span>
    </p>

    <p class='ocr_par' dir='ltr' id='par_1_10' title="bbox 134 1362 1293 1627">
     <span class='ocr_line' id='line_1_13' title="bbox 135 1362 1293 1457; baseline -0.002 -22"><span class='ocrx_word' id='word_1_88' title='bbox 135 1368 291 1435; x_wconf 85' lang='lat' dir='ltr'>Adrastus</span> <span class='ocrx_word' id='word_1_89' title='bbox 317 1364 432 1453; x_wconf 83' lang='lat' dir='ltr'>genuit</span> <span class='ocrx_word' id='word_1_90' title='bbox 449 1362 594 1451; x_wconf 80' lang='lat' dir='ltr'>,Argiam</span> <span class='ocrx_word' id='word_1_91' title='bbox 622 1376 658 1434; x_wconf 88' lang='lat' dir='ltr'>et</span> <span class='ocrx_word' id='word_1_92' title='bbox 684 1364 886 1457; x_wconf 86' lang='lat' dir='ltr'>Deiphylem.</span> <span class='ocrx_word' id='word_1_93' title='bbox 935 1366 1026 1434; x_wconf 89' lang='lat' dir='ltr'>Mars</span> <span class='ocrx_word' id='word_1_94' title='bbox 1057 1369 1172 1456; x_wconf 78' lang='lat' dir='ltr'>gennit</span> <span class='ocrx_word' id='word_1_95' title='bbox 1199 1364 1293 1455; x_wconf 61' lang='lat' dir='ltr'>Para}</span> 
     </span>
     <span class='ocr_line' id='line_1_14' title="bbox 134 1448 1287 1538; baseline -0.002 -17"><span class='ocrx_word' id='word_1_96' title='bbox 134 1455 294 1522; x_wconf 80' lang='lat' dir='ltr'>theonem.</span> <span class='ocrx_word' id='word_1_97' title='bbox 342 1450 509 1518; x_wconf 79' lang='lat' dir='ltr'>Pantheon</span> <span class='ocrx_word' id='word_1_98' title='bbox 540 1452 655 1538; x_wconf 77' lang='lat' dir='ltr'>genuit</span> <span class='ocrx_word' id='word_1_99' title='bbox 684 1453 844 1521; x_wconf 89' lang='lat' dir='ltr'>Oeneum.</span> <span class='ocrx_word' id='word_1_100' title='bbox 893 1448 1049 1520; x_wconf 80' lang='lat' dir='ltr'>&#39;l&#39;hestius</span> <span class='ocrx_word' id='word_1_101' title='bbox 1115 1454 1205 1522; x_wconf 87' lang='lat' dir='ltr'>enuit</span> <span class='ocrx_word' id='word_1_102' title='bbox 1231 1452 1287 1519; x_wconf 86' lang='lat' dir='ltr'>Al-&#39;</span> 
     </span>
     <span class='ocr_line' id='line_1_15' title="bbox 135 1475 1287 1627; baseline -0.001 -19"><span class='ocrx_word' id='word_1_103' title='bbox 135 1541 286 1617; x_wconf 90' lang='lat' dir='ltr'>thaeam,</span> <span class='ocrx_word' id='word_1_104' title='bbox 317 1536 468 1604; x_wconf 79' lang='lat' dir='ltr'>&#39;l&#39;oxeum</span> <span class='ocrx_word' id='word_1_105' title='bbox 496 1546 533 1607; x_wconf 84' lang='lat' dir='ltr'>ot</span> <span class='ocrx_word' id='word_1_106' title='bbox 557 1535 648 1605; x_wconf 85' lang='lat' dir='ltr'>Plexi</span> <span class='ocrx_word' id='word_1_107' title='bbox 672 1559 759 1626; x_wconf 90' lang='lat' dir='ltr'>pum.</span> <span class='ocrx_word' id='word_1_108' title='bbox 809 1538 942 1606; x_wconf 88' lang='lat' dir='ltr'>Oeneus</span> <span class='ocrx_word' id='word_1_109' title='bbox 970 1535 1013 1604; x_wconf 92' lang='lat' dir='ltr'>de</span> <span class='ocrx_word' id='word_1_110' title='bbox 1037 1475 1150 1605; x_wconf 65' lang='lat' dir='ltr'>Althea</span> <span class='ocrx_word' id='word_1_111' title='bbox 1170 1536 1287 1627; x_wconf 85' lang='lat' dir='ltr'>genuit</span> 
     </span>
    </p>

    <p class='ocr_par' dir='ltr' id='par_1_11' title="bbox 94 1621 1286 1712">
     <span class='ocr_line' id='line_1_16' title="bbox 94 1621 1286 1712; baseline 0.001 -24"><span class='ocrx_word' id='word_1_112' title='bbox 94 1637 128 1689; x_wconf 75' lang='lat'>15</span> <span class='ocrx_word' id='word_1_113' title='bbox 137 1626 336 1711; x_wconf 83' lang='lat' dir='ltr'>Meleagrum</span> <span class='ocrx_word' id='word_1_114' title='bbox 358 1633 392 1690; x_wconf 89' lang='lat' dir='ltr'>et</span> <span class='ocrx_word' id='word_1_115' title='bbox 417 1624 567 1710; x_wconf 81' lang='lat' dir='ltr'>Gorgem</span> <span class='ocrx_word' id='word_1_116' title='bbox 588 1632 622 1689; x_wconf 89' lang='lat' dir='ltr'>et</span> <span class='ocrx_word' id='word_1_117' title='bbox 675 1624 836 1692; x_wconf 85' lang='lat' dir='ltr'>eianiram.</span> <span class='ocrx_word' id='word_1_118' title='bbox 878 1621 1046 1712; x_wconf 77' lang='lat' dir='ltr'>Meleager</span> <span class='ocrx_word' id='word_1_119' title='bbox 1067 1625 1182 1712; x_wconf 81' lang='lat' dir='ltr'>genuit</span> <span class='ocrx_word' id='word_1_120' title='bbox 1201 1625 1286 1692; x_wconf 83' lang='lat' dir='ltr'>Pnr-&#39;</span> 
     </span>
    </p>

    <p class='ocr_par' dir='ltr' id='par_1_12' title="bbox 134 1706 1287 1812">
     <span class='ocr_line' id='line_1_17' title="bbox 134 1706 1287 1812; baseline -0.001 -33"><span class='ocrx_word' id='word_1_121' title='bbox 134 1711 233 1779; x_wconf 91' lang='lat' dir='ltr'>theno</span> <span class='ocrx_word' id='word_1_122' title='bbox 256 1731 359 1776; x_wconf 89' lang='lat' dir='ltr'>acum.</span> <span class='ocrx_word' id='word_1_123' title='bbox 387 1706 523 1812; x_wconf 79' lang='lat' dir='ltr'>Tydeus</span> <span class='ocrx_word' id='word_1_124' title='bbox 536 1707 569 1774; x_wconf 75' lang='lat' dir='ltr'>&#39;l&#39;</span> <span class='ocrx_word' id='word_1_125' title='bbox 591 1706 710 1792; x_wconf 89' lang='lat' dir='ltr'>didem,</span> <span class='ocrx_word' id='word_1_126' title='bbox 732 1710 787 1799; x_wconf 89' lang='lat' dir='ltr'>qui</span> <span class='ocrx_word' id='word_1_127' title='bbox 808 1708 870 1778; x_wconf 83' lang='lat' dir='ltr'>fuit</span> <span class='ocrx_word' id='word_1_128' title='bbox 889 1708 956 1777; x_wconf 85' lang='lat' dir='ltr'>dux</span> <span class='ocrx_word' id='word_1_129' title='bbox 975 1710 1009 1776; x_wconf 94' lang='lat' dir='ltr'>in</span> <span class='ocrx_word' id='word_1_130' title='bbox 1024 1709 1169 1800; x_wconf 78' lang='lat' dir='ltr'>&#39;l&#39;rojano</span> <span class='ocrx_word' id='word_1_131' title='bbox 1190 1709 1287 1778; x_wconf 86' lang='lat' dir='ltr'>bello.</span> 
     </span>
    </p>

    <p class='ocr_par' dir='ltr' id='par_1_13' title="bbox 236 1730 1286 1887">
     <span class='ocr_line' id='line_1_18' title="bbox 236 1730 1286 1887; baseline 0.002 -25"><span class='ocrx_word' id='word_1_132' title='bbox 236 1808 301 1863; x_wconf 88' lang='lat' dir='ltr'>tem</span> <span class='ocrx_word' id='word_1_133' title='bbox 328 1794 479 1884; x_wconf 82' lang='lat' dir='ltr'>Jupprter</span> <span class='ocrx_word' id='word_1_134' title='bbox 504 1790 548 1861; x_wconf 90' lang='lat' dir='ltr'>de</span> <span class='ocrx_word' id='word_1_135' title='bbox 569 1730 718 1879; x_wconf 64' lang='lat' dir='ltr'>hetam</span> <span class='ocrx_word' id='word_1_136' title='bbox 752 1794 817 1863; x_wconf 83' lang='lat' dir='ltr'>iilia</span> <span class='ocrx_word' id='word_1_137' title='bbox 841 1794 942 1877; x_wconf 78' lang='lat' dir='ltr'>Coei,</span> <span class='ocrx_word' id='word_1_138' title='bbox 972 1797 1088 1881; x_wconf 80' lang='lat' dir='ltr'>gennit</span> <span class='ocrx_word' id='word_1_139' title='bbox 1107 1795 1286 1887; x_wconf 82' lang='lat' dir='ltr'>Apollinem</span> 
     </span>
    </p>

    <p class='ocr_par' dir='ltr' id='par_1_14' title="bbox 90 1878 1329 2317">
     <span class='ocr_line' id='line_1_19' title="bbox 134 1878 1287 1971; baseline -0.003 -19"><span class='ocrx_word' id='word_1_140' title='bbox 134 1893 169 1951; x_wconf 88' lang='lat' dir='ltr'>et</span> <span class='ocrx_word' id='word_1_141' title='bbox 198 1881 349 1952; x_wconf 90' lang='lat' dir='ltr'>Dianam.</span> <span class='ocrx_word' id='word_1_142' title='bbox 406 1878 596 1948; x_wconf 82' lang='lat' dir='ltr'>Secundum</span> <span class='ocrx_word' id='word_1_143' title='bbox 632 1878 792 1971; x_wconf 85' lang='lat' dir='ltr'>quosdam</span> <span class='ocrx_word' id='word_1_144' title='bbox 820 1882 930 1950; x_wconf 81' lang='lat' dir='ltr'>(icens</span> <span class='ocrx_word' id='word_1_145' title='bbox 959 1879 1021 1949; x_wconf 85' lang='lat' dir='ltr'>fnit</span> <span class='ocrx_word' id='word_1_146' title='bbox 1047 1881 1129 1950; x_wconf 81' lang='lat' dir='ltr'>libas</span> <span class='ocrx_word' id='word_1_147' title='bbox 1162 1881 1287 1966; x_wconf 77' lang='lat' dir='ltr'>Titani,</span> 
     </span>
     <span class='ocr_line' id='line_1_20' title="bbox 134 1964 1328 2058; baseline 0 -24"><span class='ocrx_word' id='word_1_148' title='bbox 134 1967 207 2058; x_wconf 90' lang='lat' dir='ltr'>qui,</span> <span class='ocrx_word' id='word_1_149' title='bbox 229 1965 446 2035; x_wconf 78' lang='lat' dir='ltr'>concumbens</span> <span class='ocrx_word' id='word_1_150' title='bbox 467 1987 542 2034; x_wconf 89' lang='lat' dir='ltr'>cum</span> <span class='ocrx_word' id='word_1_151' title='bbox 562 1966 680 2048; x_wconf 77' lang='lat' dir='ltr'>uem,</span> <span class='ocrx_word' id='word_1_152' title='bbox 699 1965 815 2057; x_wconf 79' lang='lat' dir='ltr'>gennit</span> <span class='ocrx_word' id='word_1_153' title='bbox 838 1964 1012 2034; x_wconf 85' lang='lat' dir='ltr'>duodecim</span> <span class='ocrx_word' id='word_1_154' title='bbox 1031 1967 1133 2051; x_wconf 90' lang='lat' dir='ltr'>filios,</span> <span class='ocrx_word' id='word_1_155' title='bbox 1156 1969 1212 2057; x_wconf 90' lang='lat' dir='ltr'>qui</span> <span class='ocrx_word' id='word_1_156' title='bbox 1232 1969 1285 2035; x_wconf 89' lang='lat' dir='ltr'>in·</span> <span class='ocrx_word' id='word_1_157' title='bbox 1323 1976 1328 1989; x_wconf 90' lang='lat'>&#39;</span> 
     </span>
     <span class='ocr_line' id='line_1_21' title="bbox 90 2051 1288 2143; baseline -0.002 -18"><span class='ocrx_word' id='word_1_158' title='bbox 90 2073 303 2125; x_wconf 70' lang='lat' dir='ltr'>susurrexcre</span> <span class='ocrx_word' id='word_1_159' title='bbox 325 2064 438 2120; x_wconf 88' lang='lat' dir='ltr'>contra</span> <span class='ocrx_word' id='word_1_160' title='bbox 458 2052 549 2121; x_wconf 90' lang='lat' dir='ltr'>deos.</span> <span class='ocrx_word' id='word_1_161' title='bbox 590 2052 702 2143; x_wconf 84' lang='lat' dir='ltr'>Apollo</span> <span class='ocrx_word' id='word_1_162' title='bbox 723 2074 801 2120; x_wconf 89' lang='lat' dir='ltr'>vero</span> <span class='ocrx_word' id='word_1_163' title='bbox 823 2062 858 2122; x_wconf 89' lang='lat' dir='ltr'>et</span> <span class='ocrx_word' id='word_1_164' title='bbox 875 2051 999 2135; x_wconf 86' lang='lat' dir='ltr'>Diana,</span> <span class='ocrx_word' id='word_1_165' title='bbox 1025 2054 1185 2142; x_wconf 86' lang='lat' dir='ltr'>quianon</span> <span class='ocrx_word' id='word_1_166' title='bbox 1205 2076 1288 2123; x_wconf 90' lang='lat' dir='ltr'>con·</span> 
     </span>
     <span class='ocr_line' id='line_1_22' title="bbox 134 2138 1329 2221; baseline -0.001 -12"><span class='ocrx_word' id='word_1_167' title='bbox 134 2150 305 2210; x_wconf 88' lang='lat' dir='ltr'>senserunt</span> <span class='ocrx_word' id='word_1_168' title='bbox 323 2138 366 2204; x_wconf 92' lang='lat' dir='ltr'>ini</span> <span class='ocrx_word' id='word_1_169' title='bbox 390 2138 480 2207; x_wconf 88' lang='lat' dir='ltr'>nitati</span> <span class='ocrx_word' id='word_1_170' title='bbox 499 2158 629 2221; x_wconf 90' lang='lat' dir='ltr'>eornm,</span> <span class='ocrx_word' id='word_1_171' title='bbox 658 2139 831 2207; x_wconf 86' lang='lat' dir='ltr'>caelestem</span> <span class='ocrx_word' id='word_1_172' title='bbox 859 2160 1010 2209; x_wconf 75' lang='lat' dir='ltr'>mercem</span> <span class='ocrx_word' id='word_1_173' title='bbox 1030 2139 1190 2208; x_wconf 77' lang='lat' dir='ltr'>scandere</span> <span class='ocrx_word' id='word_1_174' title='bbox 1210 2161 1289 2208; x_wconf 85' lang='lat' dir='ltr'>cur·</span> <span class='ocrx_word' id='word_1_175' title='bbox 1326 2158 1329 2169; x_wconf 88' lang='lat'>·</span> 
     </span>
     <span class='ocr_line' id='line_1_23' title="bbox 133 2162 1313 2317; baseline 0.002 -24"><span class='ocrx_word' id='word_1_176' title='bbox 133 2248 217 2294; x_wconf 88' lang='lat' dir='ltr'>rum.</span> <span class='ocrx_word' id='word_1_177' title='bbox 267 2226 351 2293; x_wconf 91' lang='lat' dir='ltr'>Item</span> <span class='ocrx_word' id='word_1_178' title='bbox 368 2162 520 2315; x_wconf 77' lang='lat' dir='ltr'>luppiter</span> <span class='ocrx_word' id='word_1_179' title='bbox 540 2224 715 2294; x_wconf 83' lang='lat' dir='ltr'>concubuit</span> <span class='ocrx_word' id='word_1_180' title='bbox 735 2248 810 2295; x_wconf 91' lang='lat' dir='ltr'>cum</span> <span class='ocrx_word' id='word_1_181' title='bbox 829 2223 935 2317; x_wconf 88' lang='lat' dir='ltr'>Maja,</span> <span class='ocrx_word' id='word_1_182' title='bbox 966 2235 1000 2293; x_wconf 89' lang='lat' dir='ltr'>et</span> <span class='ocrx_word' id='word_1_183' title='bbox 1022 2226 1136 2313; x_wconf 79' lang='lat' dir='ltr'>genuit</span> <span class='ocrx_word' id='word_1_184' title='bbox 1155 2226 1289 2295; x_wconf 87' lang='lat' dir='ltr'>Meron·</span> <span class='ocrx_word' id='word_1_185' title='bbox 1310 2244 1313 2253; x_wconf 93' lang='grc'><strong><em>·</em></strong></span> 
     </span>
    </p>

    <p class='ocr_par' dir='ltr' id='par_1_15' title="bbox 133 2309 1329 2553">
     <span class='ocr_line' id='line_1_24' title="bbox 133 2309 1287 2395; baseline 0.002 -16"><span class='ocrx_word' id='word_1_186' title='bbox 133 2313 227 2380; x_wconf 83' lang='lat' dir='ltr'>rium</span> <span class='ocrx_word' id='word_1_187' title='bbox 270 2311 432 2379; x_wconf 74' lang='lat' dir='ltr'>Vulcanus</span> <span class='ocrx_word' id='word_1_188' title='bbox 463 2309 670 2392; x_wconf 88' lang='lat' dir='ltr'>desemine,</span> <span class='ocrx_word' id='word_1_189' title='bbox 705 2333 765 2381; x_wconf 89' lang='lat' dir='ltr'>sen</span> <span class='ocrx_word' id='word_1_190' title='bbox 796 2312 939 2393; x_wconf 82' lang='lat' dir='ltr'>femore,</span> <span class='ocrx_word' id='word_1_191' title='bbox 968 2311 1115 2380; x_wconf 90' lang='lat' dir='ltr'>Junonis.</span> <span class='ocrx_word' id='word_1_192' title='bbox 1165 2311 1287 2395; x_wconf 88' lang='lat' dir='ltr'>Pallas,</span> 
     </span>
     <span class='ocr_line' id='line_1_25' title="bbox 134 2393 1289 2553; baseline 0.001 -88"><span class='ocrx_word' id='word_1_193' title='bbox 134 2422 219 2552; x_wconf 71' lang='lat' dir='ltr'>puae</span> <span class='ocrx_word' id='word_1_194' title='bbox 250 2408 283 2466; x_wconf 89' lang='lat' dir='ltr'>et</span> <span class='ocrx_word' id='word_1_195' title='bbox 307 2397 469 2480; x_wconf 86' lang='lat' dir='ltr'>Minerva,</span> <span class='ocrx_word' id='word_1_196' title='bbox 501 2393 544 2464; x_wconf 91' lang='lat' dir='ltr'>de</span> <span class='ocrx_word' id='word_1_197' title='bbox 565 2399 701 2465; x_wconf 91' lang='lat' dir='ltr'>cerebro</span> <span class='ocrx_word' id='word_1_198' title='bbox 721 2398 820 2467; x_wconf 90' lang='lat' dir='ltr'>Jovis.</span> <span class='ocrx_word' id='word_1_199' title='bbox 860 2399 980 2467; x_wconf 90' lang='lat' dir='ltr'>Heben</span> <span class='ocrx_word' id='word_1_200' title='bbox 993 2399 1115 2553; x_wconf 56' lang='lat' dir='ltr'>penult</span> <span class='ocrx_word' id='word_1_201' title='bbox 1133 2399 1220 2467; x_wconf 89' lang='lat' dir='ltr'>Juno</span> <span class='ocrx_word' id='word_1_202' title='bbox 1242 2398 1289 2466; x_wconf 89' lang='lat' dir='ltr'>de</span> 
     </span>
    </p>

    <p class='ocr_par' dir='ltr' id='par_1_16' title="bbox 92 2480 1329 2572">
     <span class='ocr_line' id='line_1_26' title="bbox 92 2480 1329 2572; baseline -0.002 -16"><span class='ocrx_word' id='word_1_203' title='bbox 92 2504 129 2556; x_wconf 75' lang='lat'>25</span> <span class='ocrx_word' id='word_1_204' title='bbox 156 2506 233 2566; x_wconf 81' lang='lat' dir='ltr'>ove3</span> <span class='ocrx_word' id='word_1_205' title='bbox 253 2481 432 2552; x_wconf 89' lang='lat' dir='ltr'>secundum</span> <span class='ocrx_word' id='word_1_206' title='bbox 454 2480 629 2572; x_wconf 90' lang='lat' dir='ltr'>quosdam,</span> <span class='ocrx_word' id='word_1_207' title='bbox 650 2480 694 2551; x_wconf 91' lang='lat' dir='ltr'>de</span> <span class='ocrx_word' id='word_1_208' title='bbox 712 2482 850 2553; x_wconf 89' lang='lat' dir='ltr'>lactuca.</span> <span class='ocrx_word' id='word_1_209' title='bbox 889 2484 973 2554; x_wconf 90' lang='lat' dir='ltr'>Item</span> <span class='ocrx_word' id='word_1_210' title='bbox 1024 2506 1104 2553; x_wconf 86' lang='lat' dir='ltr'>enus</span> <span class='ocrx_word' id='word_1_211' title='bbox 1125 2484 1169 2553; x_wconf 89' lang='lat' dir='ltr'>de</span> <span class='ocrx_word' id='word_1_212' title='bbox 1191 2494 1287 2554; x_wconf 86' lang='lat' dir='ltr'>nata·</span> <span class='ocrx_word' id='word_1_213' title='bbox 1319 2518 1329 2565; x_wconf 56' lang='grc'>·,</span> 
     </span>
    </p>

    <p class='ocr_par' dir='ltr' id='par_1_17' title="bbox 25 2568 1329 2740">
     <span class='ocr_line' id='line_1_27' title="bbox 25 2568 1329 2675; baseline -0.001 -37"><span class='ocrx_word' id='word_1_214' title='bbox 25 2605 32 2623; x_wconf 84' lang='lat'><strong>·</strong></span> <span class='ocrx_word' id='word_1_215' title='bbox 135 2572 254 2639; x_wconf 87' lang='lat' dir='ltr'>ralibns</span> <span class='ocrx_word' id='word_1_216' title='bbox 287 2570 436 2652; x_wconf 82' lang='lat' dir='ltr'>Saturni,</span> <span class='ocrx_word' id='word_1_217' title='bbox 470 2593 491 2638; x_wconf 89' lang='lat' dir='ltr'>a</span> <span class='ocrx_word' id='word_1_218' title='bbox 525 2569 608 2638; x_wconf 86' lang='lat' dir='ltr'>Jove</span> <span class='ocrx_word' id='word_1_219' title='bbox 640 2568 684 2637; x_wconf 87' lang='lat' dir='ltr'>de</span> <span class='ocrx_word' id='word_1_220' title='bbox 710 2592 815 2675; x_wconf 67' lang='lat' dir='ltr'>regno</span> <span class='ocrx_word' id='word_1_221' title='bbox 847 2569 980 2659; x_wconf 84' lang='lat' dir='ltr'>expulsi.</span> <span class='ocrx_word' id='word_1_222' title='bbox 1021 2569 1105 2638; x_wconf 87' lang='lat' dir='ltr'>Item</span> <span class='ocrx_word' id='word_1_223' title='bbox 1133 2572 1288 2662; x_wconf 80' lang='lat' dir='ltr'>iuppiter</span> <span class='ocrx_word' id='word_1_224' title='bbox 1309 2570 1329 2637; x_wconf 68' lang='lat' dir='ltr'>‚l-</span> 
     </span>
     <span class='ocr_line' id='line_1_28' title="bbox 136 2654 1320 2740; baseline 0.002 -17"><span class='ocrx_word' id='word_1_225' title='bbox 136 2656 311 2725; x_wconf 89' lang='lat' dir='ltr'>concubuit</span> <span class='ocrx_word' id='word_1_226' title='bbox 339 2678 413 2724; x_wconf 91' lang='lat' dir='ltr'>cum</span> <span class='ocrx_word' id='word_1_227' title='bbox 433 2655 564 2736; x_wconf 69' lang='lat' dir='ltr'>Danai,</span> <span class='ocrx_word' id='word_1_228' title='bbox 584 2654 650 2724; x_wconf 88' lang='lat' dir='ltr'>filia</span> <span class='ocrx_word' id='word_1_229' title='bbox 670 2655 798 2740; x_wconf 79' lang='lat' dir='ltr'>Acrisii,</span> <span class='ocrx_word' id='word_1_230' title='bbox 819 2666 853 2725; x_wconf 93' lang='lat' dir='ltr'>et</span> <span class='ocrx_word' id='word_1_231' title='bbox 902 2656 1047 2731; x_wconf 74' lang='lat' dir='ltr'>enuitrex</span> <span class='ocrx_word' id='word_1_232' title='bbox 1060 2679 1101 2724; x_wconf 90' lang='lat' dir='ltr'>ea</span> <span class='ocrx_word' id='word_1_233' title='bbox 1115 2658 1297 2738; x_wconf 80' lang='lat' dir='ltr'>Perseum.¹</span> <span class='ocrx_word' id='word_1_234' title='bbox 1317 2690 1320 2703; x_wconf 84' lang='lat'><em>=</em></span> 
     </span>
    </p>

    <p class='ocr_par' dir='ltr' id='par_1_18' title="bbox 94 2678 1329 3006">
     <span class='ocr_line' id='line_1_29' title="bbox 135 2678 1289 2897; baseline 0.001 -87"><span class='ocrx_word' id='word_1_235' title='bbox 135 2744 219 2812; x_wconf 87' lang='lat' dir='ltr'>Item</span> <span class='ocrx_word' id='word_1_236' title='bbox 240 2743 415 2811; x_wconf 89' lang='lat' dir='ltr'>concubuit</span> <span class='ocrx_word' id='word_1_237' title='bbox 436 2764 509 2809; x_wconf 90' lang='lat' dir='ltr'>cum</span> <span class='ocrx_word' id='word_1_238' title='bbox 531 2740 644 2822; x_wconf 80' lang='lat' dir='ltr'>beda,</span> <span class='ocrx_word' id='word_1_239' title='bbox 673 2764 777 2810; x_wconf 84' lang='lat' dir='ltr'>uxore</span> <span class='ocrx_word' id='word_1_240' title='bbox 796 2678 962 2834; x_wconf 73' lang='lat' dir='ltr'>Tyndari,</span> <span class='ocrx_word' id='word_1_241' title='bbox 992 2740 1024 2808; x_wconf 93' lang='lat' dir='ltr'>in</span> <span class='ocrx_word' id='word_1_242' title='bbox 1046 2746 1156 2831; x_wconf 86' lang='lat' dir='ltr'>specie</span> <span class='ocrx_word' id='word_1_243' title='bbox 1176 2743 1289 2897; x_wconf 59' lang='lat' dir='ltr'>cyprii.</span> 
     </span>
     <span class='ocr_line' id='line_1_30' title="bbox 135 2806 1329 2917; baseline 0.003 -21"><span class='ocrx_word' id='word_1_244' title='bbox 135 2829 219 2897; x_wconf 87' lang='lat' dir='ltr'>Iade</span> <span class='ocrx_word' id='word_1_245' title='bbox 237 2827 303 2897; x_wconf 94' lang='lat' dir='ltr'>dno</span> <span class='ocrx_word' id='word_1_246' title='bbox 325 2851 386 2897; x_wconf 88' lang='lat' dir='ltr'>ova</span> <span class='ocrx_word' id='word_1_247' title='bbox 407 2839 483 2896; x_wconf 90' lang='lat' dir='ltr'>nata</span> <span class='ocrx_word' id='word_1_248' title='bbox 502 2837 594 2911; x_wconf 90' lang='lat' dir='ltr'>sant,</span> <span class='ocrx_word' id='word_1_249' title='bbox 621 2849 663 2895; x_wconf 85' lang='lat' dir='ltr'>ex</span> <span class='ocrx_word' id='word_1_250' title='bbox 680 2850 820 2917; x_wconf 79' lang='lat' dir='ltr'>quorum</span> <span class='ocrx_word' id='word_1_251' title='bbox 842 2828 943 2897; x_wconf 88' lang='lat' dir='ltr'>altero</span> <span class='ocrx_word' id='word_1_252' title='bbox 965 2827 1137 2902; x_wconf 78' lang='lat' dir='ltr'>(instaret</span> <span class='ocrx_word' id='word_1_253' title='bbox 1158 2830 1210 2899; x_wconf 93' lang='lat' dir='ltr'>Po</span> <span class='ocrx_word' id='word_1_254' title='bbox 1231 2850 1291 2915; x_wconf 85' lang='lat' dir='ltr'>ux,</span> <span class='ocrx_word' id='word_1_255' title='bbox 1321 2806 1329 2903; x_wconf 82' lang='lat' dir='ltr'>l</span> 
     </span>
     <span class='ocr_line' id='line_1_31' title="bbox 94 2912 940 3006; baseline 0.006 -26"><span class='ocrx_word' id='word_1_256' title='bbox 94 2930 177 2985; x_wconf 76' lang='lat' dir='ltr'>soen</span> <span class='ocrx_word' id='word_1_257' title='bbox 198 2913 261 2987; x_wconf 87' lang='lat' dir='ltr'>alio</span> <span class='ocrx_word' id='word_1_258' title='bbox 281 2914 518 3006; x_wconf 74' lang='lat' dir='ltr'>clytemnestra</span> <span class='ocrx_word' id='word_1_259' title='bbox 540 2922 574 2981; x_wconf 90' lang='lat' dir='ltr'>et</span> <span class='ocrx_word' id='word_1_260' title='bbox 593 2912 719 2983; x_wconf 88' lang='lat' dir='ltr'>Helena</span> <span class='ocrx_word' id='word_1_261' title='bbox 740 2926 837 2985; x_wconf 87' lang='lat' dir='ltr'>natae</span> <span class='ocrx_word' id='word_1_262' title='bbox 856 2926 940 2985; x_wconf 85' lang='lat' dir='ltr'>sunt.</span> 
     </span>
    </p>

    <p class='ocr_par' dir='ltr' id='par_1_19' title="bbox 41 2997 1288 3263">
     <span class='ocr_line' id='line_1_32' title="bbox 41 2997 1288 3093; baseline 0.002 -24"><span class='ocrx_word' id='word_1_263' title='bbox 41 3062 44 3069; x_wconf 94' lang='grc'><em>,</em></span> <span class='ocrx_word' id='word_1_264' title='bbox 219 3000 395 3093; x_wconf 77' lang='lat' dir='ltr'>Lycurgus</span> <span class='ocrx_word' id='word_1_265' title='bbox 422 2999 537 3089; x_wconf 78' lang='lat' dir='ltr'>gennit</span> <span class='ocrx_word' id='word_1_266' title='bbox 564 2997 745 3090; x_wconf 85' lang='lat' dir='ltr'>Phyllidem</span> <span class='ocrx_word' id='word_1_267' title='bbox 767 3011 802 3070; x_wconf 89' lang='lat' dir='ltr'>et</span> <span class='ocrx_word' id='word_1_268' title='bbox 820 3001 1062 3075; x_wconf 85' lang='lat' dir='ltr'>Archemorum.</span> <span class='ocrx_word' id='word_1_269' title='bbox 1103 3001 1221 3071; x_wconf 84' lang='lat' dir='ltr'>Aeetes</span> <span class='ocrx_word' id='word_1_270' title='bbox 1242 2999 1288 3071; x_wconf 87' lang='lat' dir='ltr'>do</span> 
     </span>
     <span class='ocr_line' id='line_1_33' title="bbox 135 3085 1286 3179; baseline -0.003 -18"><span class='ocrx_word' id='word_1_271' title='bbox 135 3088 172 3161; x_wconf 82' lang='lat' dir='ltr'>fl</span> <span class='ocrx_word' id='word_1_272' title='bbox 194 3110 275 3179; x_wconf 87' lang='lat' dir='ltr'>psea</span> <span class='ocrx_word' id='word_1_273' title='bbox 294 3087 408 3177; x_wconf 80' lang='lat' dir='ltr'>gennit</span> <span class='ocrx_word' id='word_1_274' title='bbox 429 3085 563 3154; x_wconf 80' lang='lat' dir='ltr'>Chalcio</span> <span class='ocrx_word' id='word_1_275' title='bbox 587 3106 627 3152; x_wconf 91' lang='lat' dir='ltr'>en</span> <span class='ocrx_word' id='word_1_276' title='bbox 649 3097 684 3156; x_wconf 83' lang='lat' dir='ltr'>et</span> <span class='ocrx_word' id='word_1_277' title='bbox 703 3086 853 3155; x_wconf 88' lang='lat' dir='ltr'>Medeam</span> <span class='ocrx_word' id='word_1_278' title='bbox 875 3089 1104 3178; x_wconf 81' lang='lat' dir='ltr'>et&#39;Absyrtum.</span> <span class='ocrx_word' id='word_1_279' title='bbox 1132 3086 1286 3157; x_wconf 83' lang='lat' dir='ltr'>Ovidius:</span> 
     </span>
     <span class='ocr_line' id='line_1_34' title="bbox 137 3106 1287 3263; baseline -0.003 -19"><span class='ocrx_word' id='word_1_280' title='bbox 137 3112 224 3244; x_wconf 71' lang='lat' dir='ltr'>Aha</span> <span class='ocrx_word' id='word_1_281' title='bbox 245 3172 392 3262; x_wconf 77' lang='lat' dir='ltr'>Hypaea</span> <span class='ocrx_word' id='word_1_282' title='bbox 436 3194 541 3237; x_wconf 83' lang='lat' dir='ltr'>arens</span> <span class='ocrx_word' id='word_1_283' title='bbox 562 3106 811 3263; x_wconf 62' lang='lat' dir='ltr'>dlbalciopepue</span> <span class='ocrx_word' id='word_1_284' title='bbox 838 3194 946 3240; x_wconf 85' lang='lat' dir='ltr'>soror.</span> <span class='ocrx_word' id='word_1_285' title='bbox 988 3171 1144 3241; x_wconf 88' lang='lat' dir='ltr'>Admetus</span> <span class='ocrx_word' id='word_1_286' title='bbox 1167 3171 1212 3240; x_wconf 90' lang='lat' dir='ltr'>de</span> <span class='ocrx_word' id='word_1_287' title='bbox 1232 3174 1287 3263; x_wconf 80' lang='lat' dir='ltr'>Al-</span> 
     </span>
    </p>

    <p class='ocr_par' dir='ltr' id='par_1_20' title="bbox 139 3257 1308 3347">
     <span class='ocr_line' id='line_1_35' title="bbox 139 3257 1308 3347; baseline -0.006 -19"><span class='ocrx_word' id='word_1_288' title='bbox 139 3270 230 3328; x_wconf 86' lang='lat' dir='ltr'>cesta</span> <span class='ocrx_word' id='word_1_289' title='bbox 260 3260 375 3347; x_wconf 79' lang='lat' dir='ltr'>genuit</span> <span class='ocrx_word' id='word_1_290' title='bbox 432 3258 512 3324; x_wconf 89' lang='lat' dir='ltr'>isam</span> <span class='ocrx_word' id='word_1_291' title='bbox 541 3267 576 3324; x_wconf 91' lang='lat' dir='ltr'>et</span> <span class='ocrx_word' id='word_1_292' title='bbox 607 3257 836 3327; x_wconf 82' lang='lat' dir='ltr'>Stenoboeam.</span> <span class='ocrx_word' id='word_1_293' title='bbox 886 3258 953 3325; x_wconf 87' lang='lat' dir='ltr'>Pro</span> <span class='ocrx_word' id='word_1_294' title='bbox 985 3258 1065 3326; x_wconf 89' lang='lat' dir='ltr'>Nisa</span> <span class='ocrx_word' id='word_1_295' title='bbox 1096 3259 1223 3329; x_wconf 82' lang='lat' dir='ltr'>servivit</span> <span class='ocrx_word' id='word_1_296' title='bbox 1255 3259 1308 3327; x_wconf 90' lang='lat' dir='ltr'>ei.</span> 
     </span>
    </p>

    <p class='ocr_par' dir='ltr' id='par_1_21' title="bbox 94 3343 1329 3436">
     <span class='ocr_line' id='line_1_36' title="bbox 94 3343 1329 3436; baseline -0.002 -20"><span class='ocrx_word' id='word_1_297' title='bbox 94 3368 132 3420; x_wconf 80' lang='lat' dir='ltr'>es</span> <span class='ocrx_word' id='word_1_298' title='bbox 139 3346 250 3436; x_wconf 92' lang='lat' dir='ltr'>Apollo</span> <span class='ocrx_word' id='word_1_299' title='bbox 264 3369 300 3416; x_wconf 87' lang='lat' dir='ltr'>se</span> <span class='ocrx_word' id='word_1_300' title='bbox 323 3357 387 3414; x_wconf 89' lang='lat' dir='ltr'>tem</span> <span class='ocrx_word' id='word_1_301' title='bbox 403 3343 502 3410; x_wconf 89' lang='lat' dir='ltr'>annis.</span> <span class='ocrx_word' id='word_1_302' title='bbox 539 3344 757 3412; x_wconf 82' lang='lat' dir='ltr'>Stenoboeam</span> <span class='ocrx_word' id='word_1_303' title='bbox 778 3345 904 3434; x_wconf 82' lang='lat' dir='ltr'>accepit</span> <span class='ocrx_word' id='word_1_304' title='bbox 924 3343 1064 3412; x_wconf 85' lang='lat' dir='ltr'>Proetus</span> <span class='ocrx_word' id='word_1_305' title='bbox 1086 3344 1120 3412; x_wconf 92' lang='lat' dir='ltr'>in</span> <span class='ocrx_word' id='word_1_306' title='bbox 1140 3367 1243 3413; x_wconf 86' lang='lat' dir='ltr'>uxore</span> <span class='ocrx_word' id='word_1_307' title='bbox 1308 3372 1329 3431; x_wconf 69' lang='lat' dir='ltr'>‚p</span> 
     </span>
    </p>

    <p class='ocr_par' dir='ltr' id='par_1_22' title="bbox 138 3370 1329 3703">
     <span class='ocr_line' id='line_1_37' title="bbox 138 3370 1329 3522; baseline -0.003 -20"><span class='ocrx_word' id='word_1_308' title='bbox 138 3434 250 3522; x_wconf 92' lang='lat' dir='ltr'>Apollo</span> <span class='ocrx_word' id='word_1_309' title='bbox 281 3370 337 3500; x_wconf 67' lang='lat' dir='ltr'>dh</span> <span class='ocrx_word' id='word_1_310' title='bbox 354 3428 519 3498; x_wconf 81' lang='lat' dir='ltr'>Coronide</span> <span class='ocrx_word' id='word_1_311' title='bbox 547 3430 662 3517; x_wconf 80' lang='lat' dir='ltr'>genuit</span> <span class='ocrx_word' id='word_1_312' title='bbox 682 3432 923 3519; x_wconf 69' lang='lat' dir='ltr'>Aesculapium.</span> <span class='ocrx_word' id='word_1_313' title='bbox 972 3431 1071 3510; x_wconf 90' lang='lat' dir='ltr'>Item,</span> <span class='ocrx_word' id='word_1_314' title='bbox 1101 3432 1251 3499; x_wconf 86' lang='lat' dir='ltr'>&#39;secundu</span> <span class='ocrx_word' id='word_1_315' title='bbox 1299 3420 1329 3517; x_wconf 62' lang='lat' dir='ltr'>„l</span> 
     </span>
     <span class='ocr_line' id='line_1_38' title="bbox 162 3512 1329 3606; baseline 0.004 -20"><span class='ocrx_word' id='word_1_316' title='bbox 162 3519 316 3599; x_wconf 80' lang='lat' dir='ltr'>nondam,</span> <span class='ocrx_word' id='word_1_317' title='bbox 349 3512 461 3606; x_wconf 83' lang='lat' dir='ltr'>Apollo</span> <span class='ocrx_word' id='word_1_318' title='bbox 490 3516 663 3586; x_wconf 87' lang='lat' dir='ltr'>concubuit</span> <span class='ocrx_word' id='word_1_319' title='bbox 690 3540 764 3585; x_wconf 83' lang='lat' dir='ltr'>curn</span> <span class='ocrx_word' id='word_1_320' title='bbox 792 3518 917 3600; x_wconf 80' lang='lat' dir='ltr'>Ethea,</span> <span class='ocrx_word' id='word_1_321' title='bbox 952 3527 986 3585; x_wconf 94' lang='lat' dir='ltr'>et</span> <span class='ocrx_word' id='word_1_322' title='bbox 1039 3519 1128 3586; x_wconf 87' lang='lat' dir='ltr'>enuit</span> <span class='ocrx_word' id='word_1_323' title='bbox 1154 3519 1329 3601; x_wconf 64' lang='lat' dir='ltr'>cummi</span> 
     </span>
     <span class='ocr_line' id='line_1_39' title="bbox 138 3538 1329 3703; baseline 0 -30"><span class='ocrx_word' id='word_1_324' title='bbox 138 3544 231 3675; x_wconf 73' lang='lat' dir='ltr'>hiem</span> <span class='ocrx_word' id='word_1_325' title='bbox 258 3603 372 3694; x_wconf 79' lang='lat' dir='ltr'>genuit</span> <span class='ocrx_word' id='word_1_326' title='bbox 399 3601 592 3692; x_wconf 71' lang='lat' dir='ltr'>Pasiphaen.</span> <span class='ocrx_word' id='word_1_327' title='bbox 631 3602 714 3671; x_wconf 88' lang='lat' dir='ltr'>Item</span> <span class='ocrx_word' id='word_1_328' title='bbox 741 3604 889 3693; x_wconf 79' lang='lat' dir='ltr'>iuppiter</span> <span class='ocrx_word' id='word_1_329' title='bbox 919 3538 1093 3673; x_wconf 70' lang='lat' dir='ltr'>cononicis</span> <span class='ocrx_word' id='word_1_330' title='bbox 1122 3626 1196 3673; x_wconf 89' lang='lat' dir='ltr'>cum</span> <span class='ocrx_word' id='word_1_331' title='bbox 1215 3592 1329 3703; x_wconf 51' lang='lat' dir='ltr'>Eue}</span> 
     </span>
    </p>

    <p class='ocr_par' dir='ltr' id='par_1_23' title="bbox 37 3689 1265 3866">
     <span class='ocr_line' id='line_1_40' title="bbox 37 3689 1265 3866; baseline -0.001 -22"><span class='ocrx_word' id='word_1_332' title='bbox 37 3741 40 3748; x_wconf 80' lang='grc'>’</span> <span class='ocrx_word' id='word_1_333' title='bbox 98 3689 875 3864; x_wconf 64' lang='lat' dir='ltr'>..ittafilt.itir.lt.t⁶l⁰llttt¹tt</span> <span class='ocrx_word' id='word_1_334' title='bbox 896 3689 1265 3866; x_wconf 63' lang='lat' dir='ltr'>illli.apillli⁶“</span> 
     </span>
    </p>

    <p class='ocr_par' dir='ltr' id='par_1_24' title="bbox 138 3860 1243 3949">
     <span class='ocr_line' id='line_1_41' title="bbox 138 3860 1243 3949; baseline 0 -18"><span class='ocrx_word' id='word_1_335' title='bbox 138 3862 320 3944; x_wconf 88' lang='lat' dir='ltr'>Ariadnen,</span> <span class='ocrx_word' id='word_1_336' title='bbox 350 3873 385 3930; x_wconf 91' lang='lat' dir='ltr'>et</span> <span class='ocrx_word' id='word_1_337' title='bbox 410 3860 628 3949; x_wconf 86' lang='lat' dir='ltr'>Androgeum.</span> <span class='ocrx_word' id='word_1_338' title='bbox 679 3862 858 3944; x_wconf 88' lang='lat' dir='ltr'>Ariadnen,</span> <span class='ocrx_word' id='word_1_339' title='bbox 890 3861 922 3928; x_wconf 94' lang='lat' dir='ltr'>in</span> <span class='ocrx_word' id='word_1_340' title='bbox 954 3860 1057 3928; x_wconf 88' lang='lat' dir='ltr'>insula</span> <span class='ocrx_word' id='word_1_341' title='bbox 1092 3885 1112 3929; x_wconf 89' lang='lat' dir='ltr'>a</span> <span class='ocrx_word' id='word_1_342' title='bbox 1149 3862 1243 3932; x_wconf 73' lang='lat' dir='ltr'>Thes</span> 
     </span>
    </p>
   </div>
   <div class='ocr_carea' id='block_1_3' title="bbox 138 3795 1329 4125">
    <p class='ocr_par' dir='ltr' id='par_1_25' title="bbox 138 3795 1329 4125">
     <span class='ocr_line' id='line_1_42' title="bbox 138 3795 1329 4111; baseline -0.006 -90"><span class='ocrx_word' id='word_1_343' title='bbox 138 3950 300 4054; x_wconf 72' lang='lat' dir='ltr'>relictam,</span> <span class='ocrx_word' id='word_1_344' title='bbox 323 3948 450 4052; x_wconf 75' lang='lat' dir='ltr'>accepit</span> <span class='ocrx_word' id='word_1_345' title='bbox 468 3947 828 4053; x_wconf 64' lang='lat' dir='ltr'>Bacchus-genuitque</span> <span class='ocrx_word' id='word_1_346' title='bbox 848 3971 887 4015; x_wconf 86' lang='lat' dir='ltr'>ex</span> <span class='ocrx_word' id='word_1_347' title='bbox 909 3970 949 4014; x_wconf 89' lang='lat' dir='ltr'>ea</span> <span class='ocrx_word' id='word_1_348' title='bbox 970 3948 1132 4051; x_wconf 73' lang='lat' dir='ltr'>Thoanta.</span> <span class='ocrx_word' id='word_1_349' title='bbox 1168 3795 1329 4111; x_wconf 42' lang='grc' dir='ltr'>ἸῚιοὶΓἱ</span> 
     </span>
     <span class='ocr_line' id='line_1_43' title="bbox 140 4032 1266 4125; baseline -0.009 -21"><span class='ocrx_word' id='word_1_350' title='bbox 140 4049 255 4125; x_wconf 81' lang='lat' dir='ltr'>genunt</span> <span class='ocrx_word' id='word_1_351' title='bbox 274 4034 489 4124; x_wconf 77' lang='lat' dir='ltr'>Hypsipylen,</span> <span class='ocrx_word' id='word_1_352' title='bbox 548 4057 610 4100; x_wconf 92' lang='lat' dir='ltr'>uae</span> <span class='ocrx_word' id='word_1_353' title='bbox 631 4032 796 4104; x_wconf 74' lang='lat' dir='ltr'>habitabat</span> <span class='ocrx_word' id='word_1_354' title='bbox 815 4056 847 4099; x_wconf 89' lang='lat' dir='ltr'>m</span> <span class='ocrx_word' id='word_1_355' title='bbox 869 4034 994 4100; x_wconf 89' lang='lat' dir='ltr'>Lemno</span> <span class='ocrx_word' id='word_1_356' title='bbox 1016 4035 1126 4101; x_wconf 82' lang='lat' dir='ltr'>insula.</span> <span class='ocrx_word' id='word_1_357' title='bbox 1263 4099 1266 4105; x_wconf 63' lang='grc'><em>,</em></span> 
     </span>
    </p>
   </div>
   <div class='ocr_carea' id='block_1_4' title="bbox 224 4118 1248 4211">
    <p class='ocr_par' dir='ltr' id='par_1_26' title="bbox 224 4112 1298 4211">
     <span class='ocr_line' id='line_1_44' title="bbox 224 4118 1248 4211; baseline -0.062 -20"><span class='ocrx_word' id='word_1_358' title='bbox 224 4123 360 4190; x_wconf 70' lang='lat' dir='ltr'>Laertes</span> <span class='ocrx_word' id='word_1_359' title='bbox 378 4120 491 4208; x_wconf 81' lang='lat' dir='ltr'>genuit</span> <span class='ocrx_word' id='word_1_360' title='bbox 554 4122 647 4187; x_wconf 81' lang='lat' dir='ltr'>irem.</span> <span class='ocrx_word' id='word_1_361' title='bbox 679 4121 788 4187; x_wconf 88' lang='lat' dir='ltr'>Ulixes</span> <span class='ocrx_word' id='word_1_362' title='bbox 807 4118 850 4186; x_wconf 93' lang='lat' dir='ltr'>de</span> <span class='ocrx_word' id='word_1_363' title='bbox 870 4118 1036 4211; x_wconf 75' lang='lat' dir='ltr'>Penelope</span> <span class='ocrx_word' id='word_1_364' title='bbox 1053 4118 1167 4208; x_wconf 76' lang='lat' dir='ltr'>genuit</span> <span class='ocrx_word' id='word_1_365' title='bbox 1183 4119 1248 4187; x_wconf 57' lang='lat' dir='ltr'>‚fel</span> 
     </span>
    </p>
   </div>
   <div class='ocr_carea' id='block_1_5' title="bbox 98 4134 1329 4570">
    <p class='ocr_par' dir='ltr' id='par_1_27' title="bbox 98 4134 1329 4570">
     <span class='ocr_line' id='line_1_45' title="bbox 98 4134 1329 4570; baseline -0.006 -291"><span class='ocrx_word' id='word_1_366' title='bbox 98 4204 300 4285; x_wconf 72' lang='lat' dir='ltr'>camachum.</span> <span class='ocrx_word' id='word_1_367' title='bbox 332 4208 537 4276; x_wconf 76' lang='lat' dir='ltr'>-Teucontus</span> <span class='ocrx_word' id='word_1_368' title='bbox 575 4205 688 4291; x_wconf 73' lang='lat' dir='ltr'>genuit</span> <span class='ocrx_word' id='word_1_369' title='bbox 717 4204 933 4273; x_wconf 89' lang='lat' dir='ltr'>Palamedem.</span> <span class='ocrx_word' id='word_1_370' title='bbox 983 4205 1141 4295; x_wconf 89' lang='lat' dir='ltr'>Nauplius</span> <span class='ocrx_word' id='word_1_371' title='bbox 1169 4134 1329 4570; x_wconf 43' lang='lat' dir='ltr'>geni}</span> 
     </span>
     <span class='ocr_line' id='line_1_46' title="bbox 141 4291 1311 4399; baseline 0.001 -36"><span class='ocrx_word' id='word_1_372' title='bbox 141 4294 335 4388; x_wconf 79' lang='lat' dir='ltr'>uuapbonr</span> <span class='ocrx_word' id='word_1_373' title='bbox 361 4296 500 4367; x_wconf 82' lang='lat' dir='ltr'>Antenor</span> <span class='ocrx_word' id='word_1_374' title='bbox 515 4291 841 4384; x_wconf 75' lang='lat' dir='ltr'>genuitArtilcchum</span> <span class='ocrx_word' id='word_1_375' title='bbox 862 4304 895 4365; x_wconf 89' lang='lat' dir='ltr'>et</span> <span class='ocrx_word' id='word_1_376' title='bbox 913 4294 1097 4367; x_wconf 83' lang='lat' dir='ltr'>Acamanta</span> <span class='ocrx_word' id='word_1_377' title='bbox 1128 4292 1247 4365; x_wconf 87' lang='lat' dir='ltr'>Phoeb</span> <span class='ocrx_word' id='word_1_378' title='bbox 1303 4312 1311 4399; x_wconf 54' lang='grc' dir='ltr'><strong>ᾗ</strong></span> 
     </span>
    </p>
   </div>
   <div class='ocr_carea' id='block_1_6' title="bbox 0 0 1360 4606">
    <p class='ocr_par' dir='ltr' id='par_1_28' title="bbox 0 0 1360 4606">
     <span class='ocr_line' id='line_1_47' title="bbox 0 0 1360 4606; baseline 0 0"><span class='ocrx_word' id='word_1_379' title='bbox 0 0 1360 4606; x_wconf 95' lang='lat' dir='ltr'> </span> 
     </span>
    </p>
   </div>
  </div>
 </body>
</html>
