2684 4606
149 198 230 276 212
469 196 652 301 Mythogr.
681 198 753 272 111.
806 195 847 269 8.
902 192 969 269 21.

151 386 248 455 Unde
270 396 302 451 et
322 383 440 452 bestias
461 383 636 472 quaslibet,
659 381 804 453 volucres
825 395 857 452 et
878 384 1006 463 fluvios,
1033 403 1114 451 saxa
1137 380 1173 450 e't
1196 382 1287 465 arbo-

151 497 203 540 res
226 472 340 538 dicitur
361 470 505 536 movisse.
535 471 616 536 ·Sic
629 472 807 560 Amphion,
844 471 1030 553 Thebarum
1052 465 1225 548 conditor,
1259 476 1289 533 et

151 561 221 648 ipse
257 557 395 623 oratoria
431 554 584 623 facultate
615 557 763 637 eximius,
809 556 904 622 cautu
932 553 1069 643 lapides,
1108 565 1147 621 ut
1179 562 1290 641 sponte

155 650 306 710 coeuntes
326 663 450 713 murum
472 642 683 722 conficerent,
716 643 848 730 lingitur
867 641 1017 721 illexisse;
1050 637 1141 727 quod
1157 636 1289 743 stupidis

130 740 249 796 santea
282 727 461 792 homiuibus
494 737 527 792 et
547 727 630 815 juris
664 728 783 814 ignaris
823 727 987 816 dispersim
1012 747 1052 790 ue
1086 723 1290 813 degentibus,

75 820 81 827 ’
154 827 190 884 ut
211 814 423 891 convenirent,
445 812 574 879 civiliter
595 814 796 880 conviverent
817 825 849 879 et
873 813 915 878 ad
937 750 1095 900 publicam
1127 811 1289 880 tuitionem

153 900 278 969 moenia
314 908 553 979 construerent,
591 898 738 964 melliflua
768 898 912 966 oratione
944 895 1148 986 persuaserit.
1208 898 1290 962 Saus

153 986 303 1073 Orpheus
337 986 470 1070 optima
498 1005 565 1047 vox
591 985 673 1049 inter
696 994 833 1062 retatus,
871 982 912 1048 de
945 1006 1009 1072 quo
1038 982 1125 1049 hanc
1154 980 1290 1047 fabulam
1317 1056 1321 1065 Ι

155 1071 350 1157 confingunt.
402 1067 554 1153 Orpheus
580 1008 764 1159 Eurydicen
792 1069 976 1172 Npmpham
997 1067 1130 1146 amavit,
1159 1086 1291 1154 eamque

114 1155 399 1231 resono,citharae
418 1152 578 1232 mulcens,
609 1176 741 1220 uxorem
765 1152 864 1221 duxrt.
907 1156 1012 1229 Quam
1033 1152 1111 1218 dum
1134 1154 1290 1219 Aristaeus

155 1253 265 1332 pastor
296 1261 404 1305 amans
434 1249 641 1325 sequeretur,
678 1240 804 1328 fugiens
837 1241 868 1304 in
899 1244 1081 1328 serpentem
1117 1237 1231 1305 incidit
1263 1244 1291 1301 et

154 1337 281 1394 mortua
311 1337 368 1391 est.
427 1323 565 1412 Propter
604 1326 687 1392 banc
707 1326 855 1393 maritus
890 1328 932 1392 ad
946 1360 949 1365 ·
963 1324 1082 1391 inferos
1118 1318 1291 1398 descendit,

56 1414 59 1423 '
153 1413 325 1500 legemque
362 1409 503 1495 accepit,
546 1431 588 1474 ne
620 1434 692 1478 eam
733 1433 904 1478 conversus
947 1410 1135 1496 respiceret
1193 1408 1290 1501 Quam
1333 1446 1336 1453 ·

102 1558 104 1563 .
156 1519 329 1571 conversus
352 1518 386 1560 as
409 1495 526 1573 iciens,
553 1497 668 1563 iterum
689 1495 836 1586 perdidit.
877 1496 973 1562 Haec
996 1493 1108 1561 l'abula-
1129 1494 1208 1561 artis
1229 1515 1289 1560 mu·

114 1585 243 1656 uesicae
262 1583 350 1671 juata
369 1517 576 1667 Flulgentium
597 1581 777 1670 designatio
799 1593 857 1648 est.
901 1581 1052 1669 Orpheos
1067 1578 1151 1646 enim
1165 1603 1185 1643 o
1211 1580 1290 1643 timo

156 1693 241 1748 vox,
268 1680 304 1736 ut
323 1666 477 1745 diximus,
508 1664 937 1756 iuterpretatur3'Euridiee
954 1664 1139 1754 profundo
1188 1661 1290 1749 z'J'udi-

155 1753 258 1819 cotio.
300 1753 396 1817 Hanc
416 1750 585 1839 Orpheus,
614 1753 648 1819 id
670 1764 720 1820 est
739 1753 837 1841 quitis
860 1754 1002 1818 musicae
1022 1771 1156 1838 operam
1178 1750 1297 1836 impes-1

157 1837 253 1917 dens,
287 1838 346 1903 sibi
369 1836 520 1924 conjungi
549 1849 638 1924 optat
667 1850 700 1916 et
721 1839 842 1905 cithara
862 1836 997 1904 illectam
1027 1835 1118 1901 ducit
1145 1852 1289 1913 uxorem3

158 1924 232 2074 quia
252 1924 306 2011 qui
326 1921 467 2007 musicae
488 1920 615 2004 studet,
649 1924 707 1990 nisi
728 1924 933 1990 secretiorem
954 1922 1031 1989 artis
1043 1921 1145 2008 ipsius
1167 1919 1289 2011 prolun-
1336 1954 1338 1969 ι

115 2034 153 2082 20
181 2009 290 2095 itatem
328 2005 587 2094 comprehendit,
631 2011 771 2077 musicus
810 2029 881 2075 esse
911 2031 973 2074 non
1003 2019 1127 2096 potest,
1161 2005 1314 2092 ideoque·

159 2118 231 2160 eam
253 2095 366 2160 crebra
383 2103 418 2157 et
439 2092 611 2159 artificiosa
639 2096 725 2162 vocis
753 2092 968 2162 modulatione
1000 2091 1131 2159 tandem
1158 2089 1289 2179 assequi·

16 2194 19 2201 '
128 2200 131 2208 ’
159 2192 220 2247 tur.
277 2180 371 2245 Haec
393 2200 468 2243 vero
490 2179 641 2246 scientiae
662 2179 797 2251 altitudo
818 2191 971 2269 quantum
993 2179 1033 2244 ab
1055 2178 1184 2266 optimis
1213 2196 1291 2243 ama·

158 2279 230 2345 tur,
276 2264 359 2330 sieut
396 2265 437 2329 ab
474 2264 618 2332 Aristaeo
653 2263 808 2354 (ἄριστον
842 2266 924 2337 euim
967 2265 1096 2329 Graece
1129 2262 1291 2349 optimum

161 2349 313 2434 dicitur),
344 2359 467 2415 tantum
490 2350 743 2418 communionem
765 2352 925 2417 hominum
947 2349 1067 2431 renuit;
1102 2349 1214 2435 sicque
1233 2360 1291 2412 ser·

119 2436 263 2526 aspectis
285 2437 349 2501 ictu
382 2434 532 2517 moritur,
566 2438 640 2524 quia
668 2437 782 2504 nimiae
809 2435 987 2503 subtilitatis
1018 2456 1097 2501 suae
1124 2434 1292 2519 intercepta

54 2560 57 2565 ·
162 2520 311 2600 secretis,
344 2520 426 2587 velut
449 2520 491 2586 ad
513 2523 632 2589 inlesos
654 2523 869 2608 transmigrat.
913 2521 979 2587 Sed
999 2531 1072 2608 post
1093 2518 1179 2585 hanc
1200 2530 1292 2586 artem

97 2677 101 2683 ,
161 2605 387 2694 exquirendam
410 2618 506 2694 atque
525 2606 714 2675 elevandam·
737 2631 797 2674 vox
826 2629 944 2674 canora
976 2604 1143 2681 descendit
1199 2614 1233 2675 ,et
1258 2622 1293 2666 ue

163 2716 235 2759 eam
258 2692 424 2779 respiciat,
461 2694 663 2780 prohibetur,
701 2703 734 2759 et
754 2694 828 2760 dum
851 2693 952 2772 videt,
991 2692 1113 2758 amittit.
1198 2712 1247 2756 am
1266 2694 1295 2752 et

164 2777 412 2866 perlectissimus
439 2778 645 2867 Pythagoras
666 2779 743 2845 dum
764 2781 796 2846 in
817 2781 959 2846 musicae
989 2775 1195 2865 inquisitione
1215 2774 1294 2839 labo

124 2873 270 2941 soraret,
303 2863 569 2953 symphoniasque
598 2865 777 2955 ponderum
798 2888 837 2931 ac
856 2882 1059 2930 numerorum
1092 2856 1316 2951 proportiohi··

166 2951 227 3016 bus
249 2959 433 3038 coaptaret,
467 2950 603 3018 effectus
633 2962 738 3019 tamen
770 2951 925 3019 rationem
947 2949 1084 3015 reddere
1105 2969 1169 3013 non
1193 2944 1296 3035 potuit.

81 3040 89 3048 “
250 3036 302 3099 21.
346 3034 497 3121 Remigio
518 3047 624 3103 tamen
643 3037 685 3104 de
706 3038 770 3104 hoc
790 3038 945 3122 figmento
966 3036 1056 3103 aliter
1076 3032 1210 3124 videtur.
1252 3028 1297 3097 st

168 3119 268 3198 enim,
300 3118 484 3209 Eurydicen
506 3121 581 3188 ideo
609 3124 733 3213 Orphei
766 3122 883 3189 dictam
905 3145 976 3188 esse
1007 3120 1197 3210 conjugem,
1230 3114 1299 3205 quin

168 3184 338 3271 facundiae
370 3227 477 3272 comes
508 3206 606 3276 debet
629 3232 703 3286 ,esse
732 3207 892 3276 discretio.
950 3208 1026 3296 Ipsa
1046 3228 1122 3271 vero
1158 3210 1300 3293 serpente

112 3291 259 3362 ,solaesa
279 3290 321 3355 ad
339 3290 498 3357 infernum
523 3291 698 3374 descendit,
720 3317 817 3384 quum
839 3295 972 3361 terrenis
996 3291 1146 3359 inhiando
1166 3308 1301 3356 commo-

170 3375 219 3443 dis
240 3398 361 3441 veueno
396 3376 566 3463 iniquitatis
594 3381 637 3447 ad
668 3381 824 3449 sinistram
850 3390 973 3468 partem
1005 3377 1187 3445 inflectitur.
1240 3366 1302 3441 Sed

171 3462 295 3550 Orphei
327 3463 518 3530 carminibus
553 3464 595 3531 ad
625 3491 661 3535 su
687 3489 759 3533 eros
789 3478 977 3545 revocator,
1023 3487 1123 3553 quum
1149 3459 1303 3529 luculenta

173 3549 319 3614 oratione
348 3546 427 3613 lucri
456 3550 599 3623 stimulos
627 3574 645 3618 a
699 3553 890 3642 aequitatem
924 3552 1126 3618 reformatur.
1185 3540 1304 3615 Sedsl

173 3634 321 3722 respicit,
358 3634 529 3702 retrahitur
550 3636 592 3703 ad
613 3647 760 3716 terrena,
780 3660 853 3704 uec
875 3639 977 3704 oranti
999 3637 1133 3725 Orpheo
1155 3631 1304 3700 redditur.

68 3738 70 3745 ·
135 3718 259 3795 soNam
282 3741 378 3806 quum
400 3731 544 3788 terrenus
565 3722 686 3792 animus
709 3723 884 3791 saecularia
906 3724 995 3790 nimis
1019 3719 1235 3809 concupiscit,
1260 3716 1305 3783 ris

176 3826 259 3905 eum·
271 3807 374 3895 aliqua
395 3795 496 3874 oralio
518 3807 559 3875 ad
582 3819 698 3878 statum
720 3793 917 3877 rdctitudiuis
949 3809 993 3875 eri
1020 3810 1060 3887 't‚
1092 3808 1167 3897 quia
1188 3828 1209 3872 a
1229 3804 1306 3871 Pro·

175 3912 320 3976 serprna,
354 3891 387 3957 id
417 3903 467 3960 est
494 3895 631 3963 maxima
658 3897 801 3963 vitiorum
832 3906 961 3967 tenetur
990 3895 1147 3960 iecebra.
1206 3892 1320 3959 Porro

178 3974 307 4041 Servius
328 3977 493 4065 Orpheum
511 4002 624 4048 revera
645 3983 779 4048 animam
799 3981 945 4071 conjugis
965 3978 1153 4068 quibusdam
1168 3973 1308 4045 carmini·

179 4060 239 4125 bus
263 4060 419 4128 reducere
439 4064 575 4133 voluisse
596 4067 688 4145 dicit;
716 4065 805 4156 quod
826 4068 900 4153 quia
923 4088 986 4132 non
1006 4066 1126 4155 potuit,
1159 4088 1178 4130 a
1200 4061 1309 4153 poetis,

26 4222 30 4229 .
137 4145 294 4232 ssinquit,
327 4147 459 4236 fingitur
485 4164 647 4242 receptam
677 4153 737 4218 'am
768 4152 938 4242 conjugem
968 4151 1038 4219 dira
1066 4150 1212 4217 Plutonis
1240 4148 1313 4235 legs

43 4284 62 4309 .,
159 4230 357 4318 perdidisse.
405 4236 503 4313 Quod
525 4252 559 4309 et
582 4240 671 4329 Virgi
682 4240 747 4307 ium
767 4238 830 4306 rult
851 4237 1030 4306 ostendisse
1059 4236 1215 4304 dicendo:
1310 4260 1316 4269 ·
