2684 4606
376 180 562 295 nyma-gv.
590 189 664 267 m⁴
717 188 759 267 o.
813 186 882 265 ιο.
1100 178 1209 267 ‘rra
1250 127 1252 131 ’

59 348 131 465 ejus¹
161 372 291 446 claritas
313 388 436 448 tantum
457 377 662 457 obfuscetur,
694 379 779 447 sicut
796 377 907 465 imago
929 376 972 445 de
1000 374 1098 445 fumo
1141 378 1205 455 Qui

59 486 138 529 vero
167 476 332 545 asserunt,
365 464 423 531 illis
453 465 588 545 animaru
616 463 718 544 uniri,
758 475 791 532 et
815 465 884 554 jam
913 463 1139 553 incorporari,·
1162 488 1204 533 cx

59 572 101 615 eo
124 563 351 636 argumentum
372 550 521 631 trabunt,
550 550 640 641 quod
660 562 743 619 teste
756 550 923 617 Macrobio
945 551 1069 617 animae
1090 560 1110 617 a'
1130 573 1203 617 cor·

57 657 142 723 pore
166 635 296 703 tandem
317 636 509 716 redeuutes,
541 637 673 704 easdem
695 636 914 703 obvolutiones
938 637 1011 704 illuc
1032 635 1203 717 reducunt,
1231 677 1233 681 f

57 721 149 787 unde
169 744 225 788 eas
247 735 444 804 sumserant;
478 722 602 811 illisque
629 722 748 789 ibidem
769 722 904 802 relictis,
942 722 1090 811 pristinos
1112 725 1226 810 rigo-⁶

57 829 130 887 res,
163 831 246 894 quos
277 809 321 874 ibi
354 811 543 887 amiserant,
580 809 622 875 ad
651 811 813 895 integrum
845 820 1019 876 resumunt
1077 809 1203 884 Quodsi

57 893 133 971 illis,
162 894 325 982 inquiunt,
354 895 580 982 incorporatae
603 918 665 961 uon
687 907 811 975 essent,
838 917 900 961 nec
921 894 963 960 ad
986 894 1123 981 corpora
1145 917 1201 962 eas

59 978 244 1059 deferrent,
275 980 389 1047 necin
415 981 519 1048 reditu
541 981 615 1049 illuc
639 991 849 1070 reportarent
893 980 1016 1054 Quibus
1037 981 1064 1047 si
1086 1002 1202 1048 occur-

59 1066 153 1143 rerit,
193 1065 282 1153 quod
314 1066 419 1135 anima
446 1068 494 1134 sic
513 1066 719 1170 incorporata
740 1065 873 1147 animal,
902 1068 998 1134 etiam
1018 1065 1202 1158 priusquam

58 1173 170 1217 rerum
192 1174 309 1241 corpus
327 1153 496 1241 suscipiat,
531 1153 687 1234 elbertum
725 1148 788 1220 boo
816 1152 1011 1242 respondent
1041 1176 1104 1219 non
1129 1176 1244 1227 esseio
1314 1238 1315 1241 Ἴ

58 1238 294 1320 necessarium,
314 1262 430 1326 ·quum
457 1237 562 1306 anima
592 1239 696 1328 digito
727 1237 898 1329 conjuncta
922 1257 985 1306 non
1006 1240 1112 1307 statim
1133 1240 1202 1309 uuis.
1284 1272 1290 1281 ·

57 1323 121 1391 mal
142 1323 281 1404 efficiat,
319 1347 419 1412 quum
446 1324 607 1395 etiamad
630 1324 772 1393 animalis
795 1325 1051 1393 constitutionem
1072 1338 1202 1415 praeter

59 1431 179 1497 corpus
203 1421 236 1478 et
261 1410 398 1477 animam
432 1411 531 1477 multa
560 1412 759 1498 pertineant,
790 1422 828 1478 ut
854 1411 1043 1481 sensualitas
1071 1425 1104 1479 et
1128 1410 1200 1491 alla,

57 1519 142 1584 qnae
164 1495 286 1599 physici
308 1494 449 1563 tradunt
491 1496 642 1563 Inclusas
668 1516 744 1562 vero
772 1489 901 1584 corpori
933 1497 1014 1579 tria,
1044 1497 1201 1585 inquinat,

57 1580 176 1671 quibus
202 1604 234 1648 1n
271 1581 411 1669 gradum
444 1582 610 1670 pristinum
648 1579 773 1649 restitui
810 1594 990 1660 mereatur,
1033 1600 1053 1650 a
1085 1594 1245 1660 naturam

56 1666 361 1751 accommodantem
388 1669 437 1734 ira
459 1666 621 1748 videlicet,
648 1690 733 1756 quoe
755 1668 873 1735 malum
894 1669 1045 1754 repelluts
1078 1686 1200 1736 concu-
1239 1698 1244 1708 =

56 1754 232 1842 piscantia,
255 1753 264 1825 ,’
283 1777 344 1821 uae
367 1756 485 1821 bonum
506 1764 654 1844 appeten
684 1753 782 1832 ratio,
807 1774 905 1842 ¹quae
924 1754 1009 1822 inter
1028 1765 1203 1844 utrumque

58 1839 231 1907 discernat
256 1778 414 1929 -unoque
436 1853 605 1928 praeterea
633 1862 674 1906 ex
698 1837 853 1907 industria
882 1839 1201 1923 adhibenda-decer·

58 1936 194 1994 anatur:
223 1925 370 1994 doctrina
392 1927 496 2017 prior,
533 1948 599 2015 qua
626 1942 711 2014 quae
731 1925 878 1993 oblivioni
897 1926 1043 2007 tradidit,
1079 1926 1111 1993 in
1134 1950 1203 1995 me-

58 2013 194 2079 moriam
216 2011 353 2081 reducat
375 2012 477 2099 (inde
496 2012 586 2100 quod
606 2011 693 2115 apud
715 2034 774 2078 nos
795 2012 916 2088 lectio,
944 2012 1033 2101 apud
1054 2014 1247 2088 Graecosw

58 2098 195 2186 repetita
227 2099 369 2186 cognitio
404 2099 581 2186 vocatur)';
614 2109 777 2185 uirtusque
808 2098 987 2185 posterior,
1018 2122 1083 2188 qua
1112 2099 1203 2189 quod

58 2198 150 2253 recte
172 2183 325 2263 voluerit,
355 2183 398 2250 ad
419 2186 572 2252 ellectum
593 2183 761 2272 perducat.
803 2254 806 2259 ,

93 2294 99 2303 ’
146 2270 199 2335 lu.
243 2271 329 2345 Quia
349 2280 460 2338 autem
480 2270 523 2337 de
541 2270 647 2336 anima
668 2268 852 2372 coepimus,
890 2268 933 2335 de
954 2291 994 2336 ea
1024 2269 1204 2358 aliquantu-

57 2353 122 2423 lum
144 2355 344 2444 producatur
366 2357 478 2424 oratio.
522 2355 672 2423 Tradunt
691 2376 828 2423 ammam
846 2354 985 2420 nonnulli
1007 2379 1203 2443 esseqnan-

58 2439 134 2507 dam
156 2441 281 2507 divinae
299 2443 458 2509 essentiae
478 2442 650 2530 paritatem
669 2440 716 2507 rel
742 2439 931 2528 portionem.
987 2440 1040 2506 De
1067 2443 1248 2528 quatuora'a

60 2527 143 2593 enim
171 2527 352 2606 elementis,
367 2578 370 2583 -
384 2540 420 2595 ut
441 2528 546 2618 ajunt,
576 2540 612 2595 et
631 2526 736 2598 divino
758 2525 874 2614 spiritu
901 2526 1007 2593 omnia
1031 2549 1205 2615 procrean-

59 2625 128 2687 tur,
150 2613 207 2702 qui
225 2635 283 2701 per
303 2624 441 2702 quatuor
460 2615 583 2687 inlusus
606 2613 780 2689 clementa,
800 2611 1078 2698 gignit'universa.
1109 2614 1205 2702 Ergo

60 2701 86 2765 si
119 2698 163 2767 de
195 2698 360 2767 elementis
389 2713 423 2769 et
454 2701 523 2775 deo,
550 2710 726 2767 nascuntur
760 2698 898 2778 omnia,¹
921 2720 1019 2766 unam
1048 2698 1206 2787 originem

59 2785 198 2866 babent,
235 2797 269 2852 et
296 2808 357 2876 par
384 2784 624 2877 quodammodo
647 2796 698 2853 est
719 2784 859 2850 omnium
882 2795 1007 2851 natura.
1062 2785 1131 2853 Sed
1161 2786 1205 2856 ri-

59 2869 211 2952 deamus,
238 2871 400 2960 inquiunt,
433 2872 510 2961 quid
538 2873 571 2938 in
593 2871 683 2938 uobis
706 2872 746 2938 ab
767 2870 838 2960 ipso
859 2866 942 2947 deo,
977 2869 1056 3023 ‹puid
1076 2875 1118 2940 ab
1141 2874 1249 2966 ele-tc

59 2956 175 3024 mentis
199 2976 271 3025 csse
294 2969 435 3046 putetur.
478 2960 646 3035 erantum
664 2956 765 3045 igitur
788 2955 883 3023 datur
908 2956 1056 3045 inteligi,
1078 2960 1119 3025 ab
1142 2958 1207 3025 ele-
1280 2998 1307 3035 η

59 3042 174 3113 mentis
196 3066 335 3133 corpus,
361 3043 486 3125 adeo,
512 3044 675 3132 inquiunt,
697 3043 834 3109 animam
855 3042 1067 3132 possidemusr
1109 3044 1208 3118 Quod

60 3128 134 3195 binc
157 3133 386 3218 comprobant,
416 3128 505 3219 quod
525 3129 559 3197 in
578 3150 715 3219 corpore
735 3139 844 3210 terra,
873 3129 1004 3208 bumor,
1037 3129 1206 3211 anhelitus,

60 3215 167 3295 calor;
205 3239 290 3307 quae
320 3215 442 3296 omnia,
481 3215 567 3283 sicut
588 3226 622 3283 et
653 3213 830 3293 elementa,
865 3215 1013 3280 semibus
1041 3220 1207 3306 corporeis·

60 3301 296 3389 percipiuntur3
337 3301 461 3370 animus
494 3323 590 3378 vero,
623 3299 708 3367 sicut
735 3311 769 3367 et
797 3297 895 3380 deus,
934 3298 1028 3368 nullis
1061 3303 1250 3390 subjacetss

59 3388 217 3455 sensibus.
258 3387 437 3456 Praeterea
456 3385 524 3467 illa,
539 3385 643 3456 sicut
662 3398 697 3453 et
719 3407 857 3474 corpus,
896 3386 1027 3457 rationis
1061 3390 1207 3476 expertia

60 3485 152 3556 sunt;
174 3484 287 3540 contra
305 3474 447 3555 animus,
468 3473 554 3543 sicut
573 3483 608 3539 et
630 3470 729 3551 deus,
751 3471 915 3538 eonsilium
937 3474 1045 3540 babet·
1079 3474 1209 3543 Deinde

60 3559 218 3627 elementa
233 3559 344 3662 parire
364 3571 537 3649 putantur,
574 3558 663 3646 quod
684 3568 734 3625 est
754 3579 868 3631 eorum
897 3560 1081 3647 proprium,-
1124 3561 1209 3629 sicut

59 3657 92 3712 et
112 3666 278 3733 corpons;
309 3656 423 3723 contra
450 3646 550 3714 deum
569 3667 634 3711 non
662 3644 770 3731 perire
796 3643 1000 3712 manifestum·
1021 3656 1089 3725 esta
1121 3645 1209 3713 unde

59 3732 156 3799 etiam
179 3732 334 3813 infertur,
365 3731 452 3820 quod
482 3754 543 3801 neo
571 3729 696 3798 animus
719 3728 820 3819 perit,
854 3732 909 3818 qui
939 3730 1015 3797 iude
1048 3730 1251 3820 originem«)

47 3816 159 3885 *ducit
200 3817 270 3887 Sed
286 3819 427 3889 occurrit
446 3817 541 3891 illud:
559 3817 599 3889 Si
620 3815 716 3883 animi
736 3814 930 3885 immortales
950 3827 1038 3896 sunt,
1058 3828 1092 3884 et
1110 3842 1209 3886 naum

58 3903 181 3972 babent
234 3906 419 3994 rincipium,
457 3928 522 3994 qua
543 3902 668 3972 ratione
688 3900 760 3990 plus
773 3901 815 3967 in
842 3900 892 3969 bis
912 3923 1010 3991 quam
1030 3901 1061 3969 in
1083 3903 1141 3973 illis
1162 3905 1208 3971 ri·

57 3991 161 4141 gent?
207 3929 329 4060 liicunt
355 3992 481 4080 itaque,
515 3988 600 4058 banc
622 4009 685 4054 non
707 3989 750 4054 ab
771 3986 900 4067 animis,
936 3987 997 4056 sed
1019 4009 1039 4057 a
1062 3991 1207 4080 corpori·
1256 4005 1260 4015 “

81 4099 118 4143 us
140 4074 423 4145 dissimilitudinem
444 4076 622 4164 provenire,
642 4096 729 4162 quac
748 4085 848 4160 prout
870 4074 1001 4144 luerunt
1016 4076 1134 4144 vivacia
1156 4076 1206 4143 vel

57 4163 238 4248 torpentia,
275 4163 320 4231 ita
347 4175 382 4231 et
410 4163 533 4229 animoa
561 4161 702 4240 laciunt3
740 4159 829 4249 quod
859 4160 891 4227 in
928 4182 993 4228 uno
1024 4161 1266 4246 eademnam

57 4249 184 4315 animali
204 4270 343 4336 corpore
360 4249 492 4339 probari
511 4258 630 4338 potest
671 4243 713 4317 lu
736 4271 882 4341 corpore
909 4249 1004 4317 etism
1025 4268 1113 4316 sano
1131 4262 1239 4324 expe.-

678 4364 709 4467 ·,
805 4368 894 4439 ιι*
