2684 4606
156 189 238 272 aar
462 140 467 156 '
524 181 706 286 upupa.
734 184 787 259 u.
842 181 940 258 aon.-

156 377 290 446 hibitum
311 392 385 441 esse
404 369 533 451 dicuat,
565 390 605 436 ne
636 393 655 437 a
680 369 785 459 prole,
814 393 900 459 quae
918 381 1123 455 assumetur,
1154 376 1301 466 Juppiter

155 486 259 551 regno
280 459 461 550 pelleretur.
503 456 593 559 Ignis
613 455 717 537 enim,
743 454 779 522 id
799 469 850 524 est
868 458 933 546 Jop
956 459 1035 539 iter,
1073 460 1101 528 si
1121 484 1196 529 cum
1217 486 1300 552 aqua

155 551 362 625 misceretur,
384 566 488 632 aquae
506 552 620 617 virtute
638 543 889 629 extingueretur.
943 547 1069 633 uppiter
1089 559 1198 615 autem
1216 548 1300 617 hanc

156 633 318 726 conjunxit
344 630 461 698 Peleo.
502 623 618 715 Πηλὸς
645 629 729 694 enim
750 629 880 695 Graece
901 628 1017 694 lutum
1039 630 1163 700 dicitur.
1206 635 1299 724 Ergo

128 735 273 792 sternam
292 740 377 806 aqua
393 718 523 783 mixtam
544 713 652 781 uolunt
672 710 832 781 hominerh
854 736 1054 805 procreasse.
1097 720 1223 787 Omnes
1244 745 1300 790 au-

95 844 100 853 ·
128 856 131 861 -
153 822 217 877 tem
240 806 283 872 dii
305 803 420 892 nuptiis
442 803 607 887 linguntur
626 799 824 879 interfuisse,
854 800 929 888 quia
954 802 1132 871 secundum
1153 814 1317 895 paganos'

151 894 293 981 singulas
314 903 421 980 partes
443 889 475 953 in
497 887 624 952 homine
645 885 766 952 habere
784 885 950 966 dicuntur,
980 901 1015 955 ut
1049 890 1163 959 Jovem
1191 907 1296 982 caput,

151 982 327 1046 Minervam
349 974 477 1051 oculos,
509 973 669 1038 Junonem
690 971 839 1052 brachia„
868 984 981 1060 pectus
1006 973 1211 1063 Neptunum,
1243 1003 1299 1046 cor

151 1066 299 1143 Martem,
315 1085 408 1129 renes
418 1060 592 1143 etinguina
604 1058 772 1138 Venerem,
791 1055 892 1147 pedes
901 1058 1104 1129 Mercurium.
1127 1062 1299 1133 Discordia

111 1163 261 1219 loautem
284 1148 352 1216 sola
370 1146 403 1212 in
425 1144 648 1235 conjunctione
668 1164 771 1230 aquae
799 1155 833 1211 et
853 1153 977 1225 terrae,
1008 1143 1042 1211 id
1062 1160 1120 1217 ,est
1149 1149 1297 1221 'l'hetidis

152 1249 186 1305 et
204 1236 309 1316 Pelei,
321 1254 396 1311 ¹uon
416 1230 650 1310 intromittitur,
670 1230 745 1317 quia
759 1239 895 1318 utraque
911 1229 1066 1300 elementa
1086 1237 1314 1318 concordant.

150 1336 186 1391 ut
227 1322 323 1388 homo
354 1319 524 1406 gignatur,
569 1314 656 1402 quod
687 1314 782 1383 etiam
813 1317 1026 1404 competentia
1064 1320 1296 1392 con'unctionis

95 1412 98 1419 '
148 1407 277 1475 iudicat.
325 1404 451 1471 Peleus,
473 1423 610 1490 namque
640 1410 678 1468 ut
707 1412 812 1484 terra,
843 1399 877 1467 id
903 1413 953 1470 est
974 1423 1072 1484 earo,
1141 1406 1241 1477 hetidi
1263 1424 1296 1480 ut

148 1517 269 1583 aquae,
290 1489 324 1556 id
347 1500 397 1558 est
416 1488 560 1565 humori,
583 1486 795 1589 conjungitur.
836 1488 984 1576 Juppiter
1004 1499 1040 1557 ut
1058 1490 1161 1580 ignis,
1195 1494 1231 1561 id
1245 1511 1295 1565 est

108 1582 272 1661 15anima,
302 1587 473 1664 utrumque
487 1574 629 1675 jungere
652 1572 777 1640 dicutur.
818 1570 990 1641 Discordia
1011 1599 1143 1644 aureum
1166 1582 1295 1659 malum,

146 1666 182 1733 id
203 1677 252 1734 est
274 1663 499 1751 cupiditatem,
530 1659 647 1726 dicitur
676 1658 840 1748 injecisse3
870 1680 944 1727 uam
972 1661 1004 1729 in
1025 1684 1124 1730 aureo
1139 1666 1225 1733 malo
1246 1679 1294 1737 est

146 1750 234 1840 quod
265 1748 391 1828 videas,
425 1768 489 1812 non
521 1745 605 1812 inest
633 1746 721 1831 quod
749 1741 911 1812 comedas.
953 1747 1164 1835 'l'ripartitum
1187 1746 1292 1821 autem

145 1834 365 1914 humanitatis,
390 1830 423 1899 id
446 1841 496 1898 est
514 1829 698 1912 theoricae,
719 1830 900 1919 practicae,
921 1831 1137 1921 philargicee,
1159 1840 1291 1907 modum

139 1921 387 1990 considerantes
408 1922 541 2006 poetae,
562 1926 745 2006 proponunt
767 1918 942 1984 certamine
959 1919 1054 1986 trium
1072 1921 1228 2005 dearum,
1252 1924 1293 1993 dc

104 2009 272 2083 enlormae
312 2005 441 2071 ualitate
462 2003 661 2070 certantium.
705 2002 848 2070 Minerua
869 2006 952 2069 enim
975 2005 1170 2092 theoricam,
1191 2010 1293 2080 idest

138 2031 440 2180 'contemplativam
471 2089 557 2171 Juno
578 2089 770 2176 practicam,
790 2087 823 2154 id
846 2101 896 2157 est
915 2092 1069 2175 activam3
1091 2096 1203 2164 Venus
1223 2098 1290 2187 phi·

144 2181 319 2269 largioam,
344 2176 378 2241 i’d
405 2183 455 2243 est
476 2173 683 2261 voluptariam
708 2173 866 2276 designat.
909 2176 1164 2267 contemplativa
1184 2180 1289 2252 autem
1316 2182 1327 2241 '-

145 2268 209 2333 vita
230 2276 295 2346 est,
317 2283 400 2350 quae
422 2257 463 2326 ad
480 2261 654 2349 sapientiae
675 2272 708 2329 et
727 2260 953 2329 ueritatisinda
980 2263 1118 2332 ationem
1132 2270 1288 2356 pertiuet;

145 2353 265 2431 activa,
287 2371 370 2437 quae
391 2357 521 2414 ornatus
542 2347 638 2435 petit,
660 2358 693 2414 et
714 2346 795 2415 vitae
815 2370 941 2414 commo
965 2351 990 2416 is
1009 2350 1126 2433 inhiat,
1149 2354 1288 2445 volupta·
1321 2388 1324 2393 ·

102 2441 208 2519 wia,
241 2458 325 2527 quae
353 2432 451 2500 solam
482 2433 564 2499 vitae
584 2443 740 2584 appetens
762 2433 993 2521 corruptelam,
1027 2435 1146 2504 libidini
1167 2454 1288 2509 tantum

143 2537 235 2604 nata,
268 2520 386 2588 nullum
419 2520 585 2586 honestum
644 2529 755 2608 eputat
786 2521 912 2585 bonum.
954 2518 1035 2603 Ideo
1055 2525 1169 2592 Jovem
1194 2549 1288 2617 super

142 2611 192 2678 his
214 2631 278 2674 non
299 2629 396 2697 posse
415 2604 559 2693 judicare
581 2603 744 2684 dixerunt,
771 2605 845 2693 quia
864 2617 937 2694 post
956 2607 1052 2673 finem
1076 2610 1188 2677 mundi
1203 2614 1286 2701 judi·
1329 2662 1333 2675 ·

144 2698 227 2763 cium
248 2693 456 2780 ignorabant,
479 2692 534 2778 qui
553 2690 586 2755 in
610 2690 757 2758 libertate
775 2691 894 2757 arbitrii
908 2693 1114 2762 constitutum
1127 2695 1285 2765 homiuem

143 2782 320 2848 crederent.
369 2777 456 2852 Quia
483 2777 607 2863 itaque,
641 2777 668 2841 si
700 2775 785 2842 velut
816 2775 895 2843 deus
926 2779 1073 2881 Juppiter
1115 2782 1285 2866 udicasset,
1331 2824 1333 2831 ,

99 2863 323 2937 sedamnando
352 2862 453 2941 duas,
485 2884 582 2929 unam
608 2860 828 2928 tantummodo
851 2864 944 2930 terris
970 2879 1064 2932 vitam
1084 2806 1305 2952 demitteret3.

139 2954 182 3020 ad
203 2951 360 3027 hominem
377 2946 532 3036 judicium
562 2948 769 3029 transfertur,
803 2948 855 3014 cui
884 2948 1046 3036 deligendi
1066 2951 1202 3023 liberum
1229 2956 1285 3022 de-

139 3040 234 3104 betur
263 3034 435 3103 arbitrium.
479 3031 546 3099 Sed
579 3035 661 3098 bene
689 3045 799 3124 pastor
826 3056 891 3100 non
921 3036 1040 3122 sagitta
1063 3049 1188 3116 certos,
1223 3064 1284 3108 non
1331 3074 1333 3081 v

132 3124 241 3214 jaculo
264 3127 384 3201 bonus,
402 3142 468 3186 non
484 3118 571 3186 vultu
593 3118 748 3201 decorus,
770 3142 832 3185 non
853 3122 984 3208 ingenio
1005 3144 1125 3209 sagax,
1148 3127 1220 3214 qui,
1249 3140 1285 3196 ut

139 3212 299 3299 pecudum
313 3231 382 3274 mos
395 3217 460 3285 est,
483 3205 524 3270 ad
546 3203 704 3271 libidinem
725 3207 810 3273 visus
831 3206 981 3288 detorsit,
1001 3231 1096 3296 quam
1117 3211 1284 3281 virtutibus

96 3317 131 3366 35
141 3310 172 3364 et
205 3296 317 3362 divitiis
351 3293 546 3397 praeposuit.
602 3291 752 3380 Denique
790 3293 941 3360 Achillem
974 3307 1084 3360 natum
1116 3308 1221 3365 mater
1249 3300 1282 3366 in
1303 3308 1333 3351 ’ἰ

138 3407 238 3473 aquas
270 3383 401 3470 Stygias
431 3378 571 3469 intinxit}
609 3400 681 3444 nam
717 3399 815 3445 venae
847 3392 921 3446 sunt
949 3378 981 3443 in
1009 3382 1092 3461 talo,
1155 3406 1218 3451 uae
1242 3384 1283 3451 ad
1327 3356 1333 3461 l

137 3493 249 3537 renum
274 3479 372 3555 atque
398 3464 530 3530 virilium
560 3465 715 3531 rationem
747 3465 907 3552 pertinere
935 3464 1093 3533 dicuntur.
1132 3406 1206 3536 lite
1225 3491 1283 3559 per
1331 3510 1333 3515 ·

137 3558 235 3623 talum
264 3555 462 3627 vulneratus,
499 3572 609 3616 amore
636 3549 820 3640 Polyxenae
840 3551 940 3641 periit.
995 3554 1170 3643 Πολυξένη
1198 3555 1281 3622 enim

138 3646 267 3708 Graece
286 3640 476 3707 multorum
496 3635 688 3724 peregriua
709 3636 842 3716 dicitur,
873 3638 947 3726 quia
974 3660 1064 3704 amor
1083 3642 1282 3741 peregrinari
1314 3674 1321 3719 ι

96 3731 215 3807 optauit
248 3739 377 3793 mentes.
437 3724 588 3788 Humana
621 3743 758 3811 namque
788 3723 902 3807 virtus,
938 3721 981 3790 ad
1014 3744 1120 3791 omma
1142 3728 1281 3811 munita,

137 3814 270 3881 libidinis
287 3826 393 3881 tamen
412 3809 527 3877 ictibus
549 3807 694 3897 subjacet
714 3808 829 3898 patula.

386 4013 483 4088 207.
537 4010 764 4089 Sacerdos
803 4011 1017 4110 Neptuni.

222 4147 303 4212 Post
323 4141 493 4211 adventum
521 4144 721 4211 Graecorum
744 4137 786 4205 ad
808 4138 940 4229 Trojam
961 4135 1114 4205 sacerdos
1136 4139 1278 4228 Neptuni

135 4232 294 4322 lapidibus
311 4230 436 4300 occisus
451 4240 516 4313 est,
537 4228 589 4319 qui
602 4225 764 4297 sacrificiis
777 4247 888 4295 eorum
900 4248 964 4293 nou
975 4225 1277 4299 vetaritadveutum.

713 4474 721 4513 l
