2692 4606
149 216 202 288 72
457 176 642 321 lllytbogr.
668 216 702 292 l.
755 211 854 317 252.
879 210 977 291 255.

148 400 370 471 comminando
382 413 503 473 vetaret
514 412 673 492 aspectus,
690 411 797 487 moseo
814 397 1073 488 consanguineae
1086 397 1228 468 mutatis
1242 388 1302 468 in·'

149 489 302 556 evitabilis
320 488 420 556 ardor
436 489 538 557 evicit.
581 492 628 556 Ac
648 488 789 577 Zephyri
809 488 915 555 flantis
935 507 1016 554 aura
1035 486 1224 567 vectitantes,
1249 485 1292 554 ad

149 586 252 642 seruet
278 576 419 642 sororios
448 574 596 665 perducit
626 575 781 653 affectus;
820 595 923 677 quae,
957 571 1123 639 venenosis
1154 571 1293 669 consiliis
1330 622 1338 651 ,

54 667 57 673 ’
150 659 192 726 de
223 662 326 728 mariti
355 661 457 729 forma
483 659 667 751 quaerenda
696 671 917 739 consenbens,
952 657 1186 739 curiositatem,
1214 670 1295 727 suad

124 745 259 823 ssalutis
286 769 474 824 novercam,
508 746 649 835 arripuit.
700 744 850 833 Denique
878 742 1015 811 credens
1045 744 1228 826 sororibus,
1256 766 1295 813 se
1322 728 1338 769 ⁹

150 833 263 899 marito
292 833 431 921 serpenti
459 833 677 925 conjunctam,
709 830 793 905 velot
822 829 955 897 bestiam
983 828 1211 912 interfectura,
1237 850 1295 899 no·

149 918 292 985 voculam
313 921 373 985 sub
395 918 547 1007 pulvinari
568 915 748 999 abscondit,
767 915 993 1003 lucernamque
1010 912 1118 981 modio
1135 916 1293 1005 contegit.

149 1004 321 1093 Quumque
359 1004 457 1073 altum
493 1026 644 1092 soporem
666 1002 798 1069 maritus
819 998 1028 1082 extenderet,
1057 1001 1109 1068 illa
1130 1001 1217 1069 ferro
1240 1024 1292 1069 ar·

82 1120 84 1139 ι
149 1102 255 1168 mata,
285 1091 480 1179 lucernaque
503 1102 613 1171 eruta,
645 1086 805 1177 Cupidine
826 1108 865 1153 co
893 1087 976 1162 nito,
1006 1084 1082 1153 dnm
1103 1086 1295 1157 immodesto

108 1175 267 1244 roarnoris
298 1188 436 1244 torretur
465 1176 604 1254 affectu,
636 1170 830 1243 scintillantis
861 1107 923 1238 «iet
946 1170 1127 1257 ebullitione
1145 1174 1306 1243 maritbm·

149 1260 332 1330 succendit:
356 1263 548 1350 fugiensque
569 1258 709 1350 Cupido,
726 1257 828 1326 multa
848 1278 945 1346 super
966 1258 1151 1329 curiositate
1196 1258 1297 1327 uellus

148 1347 351 1436 increpitans,
374 1347 470 1414 domo
493 1359 652 1415 extorrem
675 1368 717 1414 ac
735 1345 911 1434 profugam
928 1341 1102 1433 dereliquit
1131 1408 1136 1415 .
1180 1344 1296 1414 andem

149 1432 254 1500 multis
267 1433 426 1536 jactatam
447 1433 582 1502 Veneris
603 1430 899 1524 persecutionibus,
925 1439 1040 1519 posteo
1060 1432 1143 1501 Jove
1165 1443 1297 1523 petente

150 1519 182 1585 in
203 1520 388 1609 conjugium
410 1520 547 1611 aceepit.
1228 1572 1231 1579 -

110 1793 144 1843 rs
498 1771 597 1850 252.
650 1773 950 1850 Perdiccas.

234 1932 414 2003 Perdiccas
453 1933 513 2003 fuit
544 1946 676 2004 venator
715 1936 871 2005 serarum:
915 1935 970 2027 qui
1004 1932 1154 2040 propriae
1187 1922 1298 2017 matris

151 2042 262 2086 amore
289 2032 478 2110 correptus,
510 2018 587 2088 duru
616 2034 752 2111 uterque
777 2020 968 2091 immodesta
995 2021 1123 2088 bbidme
1148 2020 1299 2105 meret,

108 2110 112 2123 '
152 2118 186 2174 et
213 2105 405 2175 verecundia
427 2107 488 2172 vim
510 2108 582 2175 novi
605 2108 754 2176 facinoris
774 2109 1001 2187 reluctaretur,
1034 2119 1220 2181 consumtus
1250 2110 1333 2181 ala·

153 2214 217 2280 que
246 2190 288 2258 ad
316 2206 491 2259 extremam
520 2197 628 2261 tabem
655 2193 814 2262 deductus
834 2217 908 2261 esse
928 2193 1052 2261 dicitur.
1094 2193 1225 2263 Primus
1243 2192 1300 2261 hio
1327 2202 1332 2211 '

118 2278 250 2349 scotiam
272 2302 392 2345 serram
412 2277 545 2361 invenit,
569 2279 665 2369 juxta
679 2273 868 2369 'Virgilium
910 2279 1036 2347 Veritas
1064 2279 1112 2346 sio
1132 2302 1169 2347 se
1188 2280 1317 2361 babes,

151 2366 259 2439 Quum
280 2376 367 2433 esset
385 2376 534 2445 venator,
566 2378 600 2434 et
621 2367 652 2433 ei
681 2365 801 2433 ferinae
822 2364 931 2432 caedis
954 2376 1088 2432 cruenta
1109 2366 1245 2435 vastatio
1264 2376 1300 2435 et
1331 2388 1338 2399 ·

149 2448 352 2519 solitudinum
373 2449 568 2552 vagabunda
587 2451 743 2520 currilitas
764 2450 964 2541 displiceret;
987 2451 1091 2538 magis
1109 2452 1204 2519 etiam
1266 2474 1300 2518 r·

148 2534 312 2625 pendens,
336 2547 517 2605 contirones
538 2535 988 2621 snos,itlest1lctaeopem,
1032 2535 1194 2621 Adonem,
1260 2563 1299 2628 p-

150 2623 292 2712 polytum
313 2621 514 2690 miserandae
530 2624 623 2692 necis
650 2624 776 2692 functos
805 2622 950 2698 interitu,
979 2623 1176 2699 venationem
1205 2646 1300 2691 exse-

106 2729 261 2784 sserans‚
293 2708 521 2795 agriculturam
556 2721 734 2778 assectatus
764 2714 848 2781 est.'
867 2709 922 2776 0b
943 2731 1039 2796 quam
1062 2730 1129 2776 rem
1150 2720 1301 2790 niobem,

149 2793 183 2859 id
205 2806 256 2860 est
277 2804 396 2862 terram
427 2795 568 2862 omnium
600 2794 816 2884 genetricem,
846 2816 971 2861 amasse
998 2793 1136 2877 dicitur,
1168 2808 1201 2866 et
1233 2797 1300 2865 boo

149 2878 261 2946 labore
281 2879 325 2948 ad
345 2880 480 2949 maciem
504 2879 700 2971 perductus.-

252 3153 349 3229 255.
404 3152 542 3230 Canis
572 3157 693 3233 inter
725 3154 880 3230 sidera
921 3156 1191 3234 translatus.

174 3346 176 3355 ,
236 3300 335 3366 Canis
364 3300 449 3368 inter
477 3299 584 3369 sidera
615 3305 776 3374 constituti
807 3307 914 3375 sabula
944 3309 1027 3375 baec
1056 3320 1113 3376 est
1156 3307 1223 3374 Hic
1243 3331 1300 3376 ca-

107 3388 199 3454 aouis
219 3386 335 3453 dicitur
356 3388 397 3453 ab
419 3387 502 3453 Jove
523 3398 631 3456 custos
652 3390 743 3459 Euro
787 3416 806 3457 e
829 3395 952 3483 positus
973 3415 1061 3470 esse,
1082 3405 1116 3463 et
1132 3393 1175 3459 ad
1188 3394 1300 3461 Minoa

151 3473 349 3559 pervenisse,
371 3472 459 3560 quod
480 3473 531 3539 ille
553 3474 716 3544 studiosus
753 3479 834 3546 uerit
849 3482 1041 3559 venationis,
1063 3491 1096 3547 et
1139 3476 1204 3545 uod
1225 3481 1300 3546 cani

153 3560 257 3625 lberat
277 3556 404 3643 datum,
435 3581 477 3624 ne
499 3559 561 3625 ulla
583 3561 653 3627 fera
671 3564 848 3650 praeterire
868 3588 941 3632 eum
962 3574 1082 3657 posset.
1155 3575 1206 3632 ost
1226 3566 1298 3656 ejus

150 3645 272 3711 obitum
295 3643 382 3709 oanis
406 3643 448 3710 ad
470 3646 648 3734 Cephalum
669 3650 832 3737 pervenit,
860 3653 950 3743 cujus
976 3664 1058 3718 uxor
1085 3650 1191 3718 luerat
1211 3650 1298 3717 Pro-

150 3730 222 3797 cris.
274 3728 380 3804 Quem
402 3728 453 3796 ille
474 3730 597 3799 docens
618 3756 745 3819 secum,
771 3736 904 3804 Thebas
928 3740 1028 3817 venit,
1061 3737 1124 3805 ubi·
1138 3746 1209 3822 erat
1229 3737 1299 3803 vul-

107 3839 225 3902 aspes,
255 3815 307 3888 cui
337 3814 448 3882 dotum
476 3816 658 3899 dicebatur,
691 3833 728 3887 ut
757 3844 868 3890 omnes
890 3846 987 3890 canes
1008 3824 1298 3912 effugereposset.

150 3903 264 3989 ltaque
292 3922 390 3988 quum
419 3902 452 3971 in
482 3925 579 3973 unum
604 3907 838 3994 pervenissent,
868 3909 1034 3997 Jupiter,
1061 3894 1188 3975 nesciris
1240 3908 1299 3975 uid

150 3987 290 4066 faceret,
319 3999 356 4057 ut
383 3987 468 4056 Ister
495 3991 557 4068 ait,
587 4005 757 4080 utrumque
783 3995 816 4059 in
838 3932 974 4083 lapirlem
997 3995 1159 4063 convertit.
1236 4018 1298 4060 on·

150 4072 221 4138 nulli
249 4072 335 4139 bunc
366 4095 477 4141 canem
508 4076 635 4145 Orionis
665 4102 738 4145 esse
761 4078 938 4164 dixerunt3.
954 4094 992 4148 et
1016 4079 1104 4169 quod
1130 4079 1296 4149 studiosus

151 4157 244 4225 fuerit
271 4157 423 4239 venandi,
451 4185 526 4228 cum
547 4186 588 4228 eo
609 4187 847 4253 cane1qnoque
867 4167 949 4235 inter
969 4165 1074 4235 sidera
1091 4166 1297 4237 collocatum.

105 4244 205 4316 rodlii
229 4255 337 4312 autem
355 4267 469 4315 canem
489 4248 572 4315 lutri
593 4273 665 4317 esse
686 4250 855 4319 dixerunt·
