2684 4606
358 111 540 279 uniiuga
569 119 641 252 1n
696 173 736 252 a.
793 173 885 263 u„
994 124 996 129 ’
1067 177 1192 283 ,nro

34 358 167 442 cendia,
200 357 336 442 caedes,
372 360 543 449 naufragia
572 372 604 431 et
618 362 738 431 'sidnilia
766 363 911 453 pertinet.
965 363 1062 455 Unde
1080 364 1181 453 'apud
1290 371 1293 377 '

32 447 173 514 eundem
202 446 289 514 Dido
317 449 487 517 moritura:
535 449 646 531 Quem
680 450 827 515 dederat
842 469 998 516 ‘cursum
1024 448 1180 535 fortuna
1224 488 1256 523 r.

29 533 167 621 peregi.
210 533 257 599 Se
275 534 359 599 enim
378 545 577 622 peremtum,
609 534 722 602 merito
743 534 776 600 id
799 535 964 616 fortunae,
1001 556 1064 601 nou
1085 546 1180 603 natu·
1243 580 1246 585 ·

30 641 88 684 rac
105 618 242 699 ,ascribit
263 618 311 686 vel
333 619 421 686 lato·
453 621 510 686 Sic
531 619 649 686 Cicero
669 621 700 685 in
720 619 918 710 Philippicis:
952 619 1073 684 Multa
1091 621 1181 684 milri

25 705 125 767 sirim
148 703 331 768 imminere
351 702 563 770 videbuntur
592 716 738 791 praeter
769 718 939 771 naturam
971 711 1210 792 praeterquod
1259 723 1261 727 ·

24 788 174 869 fictum
220 786 256 854 id
295 800 346 856 est
393 789 492 876 gladii
526 789 652 857 Antonii
696 813 736 856 ex
765 813 855 878 casu.
922 791 977 858 De
1015 813 1056 856 co
1093 811 1180 869 voro,

23 871 122 960 quod
154 872 273 940 ibidem
301 897 392 941 snam
415 875 502 941 Dido
530 875 701 961 imaginem
731 877 792 943 sub
823 888 925 943 terras
955 874 1032 943 dicit
1049 875 1180 942 ¹ituram

21 963 87 1061 (nt
116 958 181 1031 hic.
203 958 245 1025 de
269 961 465 1047 quibusdam
494 961 632 1028 lectioris
661 961 755 1051 hujus
785 960 883 1051 partis
919 959 1093 1028 Aeneidos
1116 956 1180 1028 utiss
1210 1032 1215 1041 Χ

21 1044 134 1123 Ιὼιιε,
169 1045 355 1132 priusquam
390 1046 436 1113 de'
461 1045 594 1113 Pallade
625 1050 799 1133 agamus,
820 1047 927 1115 utilem
952 1047 1197 1114 interseramus

22 1131 429 1234 excursnm)·plurimnm
462 1155 482 1198 a
519 1131 691 1199 ma'oribns
731 1132 925 1223 disputatum
942 1162 945 1167 ¹
962 1144 1019 1200 est.
1082 1131 1176 1221 Apud
1184 1138 1224 1189 1⁰·

21 1215 200 1282 nonnullos
224 1238 306 1282 erum
329 1217 544 1306 philosophos
558 1155 612 1284 dlu
633 1218 811 1306 quaesitum
832 1229 899 1299 est,
943 1217 1021 1305 quid
1050 1217 1093 1285 de
1123 1241 1181 1285 no-
1247 1246 1249 1253 ⁴

22 1302 80 1366 bis
111 1302 152 1368 sit
185 1302 273 1389 qnod
300 1303 421 1372 inferos
442 1312 540 1391 petat
602 1304 688 1369 Nam
714 1305 816 1372 tribus
844 1303 1008 1371 hominem
1032 1316 1182 1381 constare
1289 1315 1292 1319 '

23 1384 251 1469 tradiderunt3
288 1390 409 1471 anima,
438 1411 524 1477 quae
551 1411 689 1479 superna
711 1400 762 1456 est
783 1403 816 1457 et
837 1389 879 1455 ad
908 1389 955 1454 ori
982 1390 1066 1456 ‘nem
1088 1413 1180 1468 snam

24 1474 219 1555 revertitnr3
253 1496 406 1574 corpore,
440 1474 527 1563 quod
559 1475 592 1541 in
621 1485 708 1542 terra
740 1474 865 1555 delicit3
906 1497 959 1540 um
983 1495 1036 1556 ra,
1081 1499 1178 1563 quam
1329 1560 1334 1567 ἱ

24 1559 209 1624 Lucretius
230 1559 420 1662 spoliatum
452 1560 586 1625 lumine
612 1562 730 1647 ocium
759 1559 878 1627 definit.
931 1559 1026 1662 Ergo
1054 1565 1220 1642 umbra,15

23 1644 197 1731 inquiunt,
226 1655 310 1712 sicut
330 1668 371 1732 en
391 1668 431 1712 co
471 1667 529 1710 ore
552 1655 696 1724 creatur,
718 1647 787 1713 sine
808 1640 907 1712 dubio
927 1656 1011 1748 peut
1034 1668 1108 1713 cum
1128 1670 1179 1714 oo.

26 1730 107 1795 Nec
129 1740 179 1796 est
202 1730 372 1819 quicquam
393 1667 585 1798 derisomine
607 1732 779 1818 reliquum,
812 1730 899 1820 qnod
932 1731 1051 1798 rnleros
1080 1744 1179 1820 petat.

27 1815 85 1880 De
110 1814 295 1883 rehendisse
327 1828 434 1884 minen
463 1840 499 1884 se
527 1816 655 1884 tandem
684 1817 812 1898 dixere,
847 1838 919 1883 esse
948 1816 1111 1905 quoddam
1138 1819 1179 1885 si-

30 1839 222 1982 mulacrum,
243 1902 332 1990 quod
354 1901 396 1969 ad
411 1903 512 1971 nostri
536 1902 680 2001 corporis
697 1902 839 1991 effigiem
861 1904 972 1969 lictum
995 1902 1036 1968 ad
1057 1905 1179 1971 inlerds

31 1985 214 2072 demigret3
253 2011 325 2055 esse
347 1999 453 2056 autem
474 1989 623 2077 ,speciem
645 2010 852 2077 corpoream,
889 2011 974 2076 quae
1001 1990 1092 2077 tangi
1114 2004 1222 2057 nonno

31 2073 153 2159 possit,
182 2073 265 2139 sicut
286 2097 346 2141 neo
368 2085 489 2142 ventus.
532 2073 614 2140 Inde
634 2086 701 2141 est:
759 2121 762 2124 -

64 2216 69 2222 .
121 2157 275 2244 Corpora
296 2160 376 2226 vivo
398 2157 500 2247 nasce
520 2159 649 2248 Stygio
674 2170 812 2227 vectore
833 2157 968 2224 carina.
1179 2220 1182 2226 .

31 2244 132 2309 Hauc
153 2255 259 2310 autem
282 2244 350 2312 rem
371 2246 467 2314 etiam
488 2246 651 2311 Homerus
681 2244 825 2333 inquirit,
860 2243 1030 2310 simulacro
1051 2241 1180 2308 Hercu·

30 2327 71 2395 lis
103 2327 190 2418 apud
220 2329 340 2398 inferos
368 2332 445 2399 viso.
507 2331 604 2397 Haec
630 2329 713 2397 enim
745 2327 915 2398 simulacra
944 2326 1037 2411 etiam
1066 2349 1179 2394 eorum

31 2436 107 2480 esse
129 2414 328 2498 dictasunt,
369 2419 423 2506 qui
445 2437 505 2509 per
538 2410 734 2484 ἀποθέωσιν
765 2414 822 2480 dii>
843 2413 919 2481 lacti
941 2423 1023 2479 sunt
1080 2413 1220 2479 U'nde25
1296 2428 1298 2437 ·

31 2524 146 2567 omnes
169 2510 226 2567 aut
247 2503 301 2568 visi
324 2524 396 2571 esse
418 2500 505 2591 apud
526 2502 646 2568 inferos
668 2511 724 2569 aut
743 2500 819 2566 illuc
839 2497 1045 2565 descendisse
1066 2496 1178 2565 dicun-
1273 2557 1277 2564 l

31 2598 93 2652 tur.
137 2588 294 2655 Horatius
320 2588 363 2655 de
383 2590 525 2664 Liberos
559 2587 608 2652 Te
628 2587 721 2654 vidit
741 2586 861 2650 insons
885 2581 1050 2650 Cerberus
1072 2606 1179 2649 aureo

31 2694 143 2736 cornu
164 2672 335 2739 decorum.
376 2676 422 2742 Et
443 2673 528 2763 apud
551 2672 717 2760 Virgilium
739 2671 888 2737 Charon:
1213 2678 1218 2685 '
1263 2688 1266 2693 ·

120 2757 198 2821 Nec
219 2781 298 2822 vero
322 2759 473 2826 Alciden
496 2783 550 2823 me
570 2781 651 2821 cum
673 2759 827 2820 laetatus
849 2763 989 2818 euntem

119 2845 303 2928 Accepisse
325 2845 424 2916 locu,
458 2868 519 2910 uec
548 2842 678 2906 'Ilresec
701 2839 986 2927 Pirithoumqum
1184 2859 1221 2910 so
1318 2860 1322 2866 ¹

121 2926 187 2990 Dte
209 2925 420 3017 qttumqitom
435 2930 556 3017 geniti
578 2939 638 2993 etc.

31 3015 218 3079 Abutuntur
239 3024 344 3108 tampn
367 3022 498 3104 poetae,
533 3024 566 3080 et
587 3011 722 3080 confuse
740 3010 790 3078 vel
817 3007 1019 3083 simulacrum
1041 3004 1089 3075 vel
1109 3027 1179 3074 nm·
1285 3070 1289 3083 ,

32 3101 317 3259 bramlppqultmd
339 3185 465 3250 veroin
496 3182 776 3270 sacrisnmagiois,
816 3200 900 3266 quae
922 3177 1083 3245 Didonem
1107 3177 1178 3247 Vir-

32 3270 148 3362 gilius,
170 3280 205 3337 nt
223 3292 283 3336 sno
299 3272 439 3337 Aeneam
460 3271 597 3339 irretiret
619 3292 746 3346 amore,
768 3264 890 3331 inducit
912 3263 1098 3336 facientem,
1118 3266 1220 3337 uittas

33 3357 82 3419 Et
107 3356 220 3419 matri
244 3368 452 3442 praereptus
473 3379 589 3431 amor,
624 3354 766 3422 aPlinio
795 3351 906 3428 traxit,
939 3353 992 3436 qui
1022 3351 1053 3415 in
1075 3349 1179 3417 Natu-

36 3440 91 3505 rali
115 3440 259 3508 Historia
290 3441 390 3528 pullos
418 3442 551 3529 equinos
581 3442 613 3507 in
643 3440 748 3505 fronte
777 3458 906 3502 carnem
940 3436 1099 3522 quandam
1123 3437 1179 3501 ha-

38 3526 231 3605 benedicit,
256 3545 362 3613 ‘quam
382 3527 421 3594 iis
444 3550 516 3594 mox
540 3527 619 3594 natis
641 3525 751 3593 adimit
771 3534 883 3588 muter.
925 3521 1029 3594 Quam
1059 3521 1178 3609 siquis

36 3611 125 3760 lort‘c¹
148 3613 373 3701 praeripuerit,
409 3612 527 3702 pullum
547 3612 616 3680 odit
635 3625 668 3679 et
690 3609 739 3677 lac
760 3609 789 3673 ei
811 3607 964 3693 denegat.
1005 3606 1101 3695 Unde
1120 3609 1190 3677 Ju-·

37 3720 115 3763 rena
127 3698 168 3765 is:
400 3730 406 3737 ·
595 3722 598 3726 ’
701 3721 724 3731 ’·
995 3698 1003 3719 ²
1185 3707 1221 3760 lu

122 3784 187 3860 Cui
211 3793 321 3849 totum
345 3785 489 3850 tremuli
495 3782 661 3889 srontcm
684 3777 850 3846 Caesonio
868 3773 969 3876 puqlr

123 3866 265 3957 Insudit

41 3953 155 4022 llcrito
176 3965 281 4023 antem
303 3955 520 4041 suspicantur,
540 3973 685 4036 amorem
704 3947 805 4015 creari
829 3970 867 4013 ex
886 3965 1000 4048 carne,
1024 3942 1093 4010 sine
1114 3966 1178 4031 qua

42 4052 141 4106 lucter
160 4063 221 4106 non
245 4041 297 4106 alit
319 4064 358 4106 ox
380 4064 416 4106 se
443 4050 595 4107 creatum.
649 4037 765 4103 Obitus
787 4057 858 4099 eam
884 4029 1028 4096 difficiles
1049 4033 1092 4096 ob
1115 4032 1177 4098 hoc

14 4182 27 4193 .
44 4116 164 4208 pulsam
186 4128 301 4200 rel'ert,
330 4126 416 4212 qnod
439 4126 500 4192 vita
522 4126 550 4190 ei
572 4123 767 4210 superfuisse
790 4112 951 4220 videatur,
982 4138 1067 4203 quac
1088 4138 1216 4219 cqsum
1240 4118 1249 4141 '

46 4232 105 4280 uon
126 4229 181 4279 aut
204 4213 269 4282 lato
292 4225 348 4280 aut
370 4223 483 4281 nutura
503 4211 714 4292 morienilum
729 4204 837 4298 quod
850 4216 884 4272 cl
899 4223 973 4292 uqsc
991 4213 1171 4290 suqqunux
