2684 4606
246 236 248 243 .
296 185 488 303 -Mptlrogm
516 144 593 260 Ill.
644 183 683 259 6.
724 123 936 260 ’δῦ-54.
983 126 1027 255 ,Ι
1101 128 1189 269 ’495

49 377 137 443 Sunt
166 381 274 440 autem
301 369 448 439 bidentes
477 370 572 460 juxta
607 364 754 438 Serrium
783 374 882 460 quasi
903 372 1043 439 biennes
1072 369 1189 454 dictae,
1231 370 1257 405 ²

50 463 128 549 quia
150 483 211 525 nec
231 459 370 523 minores
392 468 448 524 aut
468 457 605 548 majores
632 456 940 544 licebatimmolare.
985 459 1069 526 Sunt
1094 460 1188 526 etiam

48 549 83 613 in
116 546 230 611 nvibus
264 542 454 632 quibusdam
487 540 553 607 duo
587 540 700 610 dentes
736 543 958 612 eminentiores
990 545 1072 611 inter
1102 557 1190 623 octo,

50 630 105 721 qui
125 630 249 696 nonnisi
271 630 356 695 eirca
386 628 538 730 bimatum
570 639 741 715 apparent3
780 638 813 732 et
834 630 895 697 hae
916 630 1004 732 solae
1026 629 1188 696 sacrificiis

50 714 590 953 illl}fitill¹¹l¹linls⁰lllll
607 715 1214 891 titt..?¹ll¹tt”..titltllttt

52 909 138 954 nna
189 910 275 954 assrs.
778 912 784 935 .
1131 944 1134 949 ,
1211 910 1214 916 “

140 911 193 1039 al.
239 971 286 1037 Ad
308 970 390 1037 boec
405 970 500 1060 juxta
520 971 614 1036 ritum
636 991 822 1057 sacrorum,
843 990 942 1059 quum
964 972 1071 1075 priora
1095 967 1195 1039 sccii-

53 1060 129 1126 ficia
161 1056 409 1147 displicuissent,
442 1054 529 1145 quod
550 1054 738 1145 plerumque
765 1079 805 1120 ex
837 1056 1120 1145 prodigiis-statim
1142 1079 1192 1122 sc-

55 1145 229 1233 quentibus
245 1142 469 1232 judicabatur,
498 1164 591 1209 sacra
613 1139 794 1229 diligentius
807 1163 852 1208 re
875 1146 1052 1210 etebantur.
1094 1139 1193 1208 Unde
1201 1144 1237 1201 lo

53 1242 130 1318 p'ost
170 1229 386 1318 Harpyiarum
426 1227 680 1295 molestationem
722 1225 807 1316 apud
853 1167 1017 1316 l'irgilium
1059 1226 1196 1316 legitur}
1324 1216 1337 1243 ⁹

56 1316 213 1402 Arisqne
234 1314 433 1402 reponimus
453 1313 581 1400 ignem.
631 1312 669 1376 In
691 1313 895 1380 renotatione
923 1333 999 1381 vero
1029 1331 1197 1381 sacrorum

56 1399 226 1466 simulacra
258 1399 378 1464 moveri
406 1397 560 1463 solebant.
603 1394 897 1466 Unde-Horatius:
943 1399 1027 1465 Non
1057 1422 1121 1487 ego
1151 1390 1210 1478 teJ.
1311 1410 1314 1423 '

56 1484 207 1549 candide
229 1485 425 1560 Bassareu,
449 1481 603 1546 invitum
621 1482 799 1569 quatiam
827 1497 860 1550 et
882 1485 1050 1572 Virgilius:
1096 1484 1196 1548 Com-

56 1570 162 1633 motis
184 1570 300 1633 exeita
321 1566 434 1633 sceris
461 1565 588 1653 Thyes.
630 1570 736 1655 Atque
767 1569 948 1650 sciendum,
977 1567 1073 1658 quod.
1094 1568 1122 1632 ei
1144 1583 1239 1632 sa-ln
1303 1622 1306 1635 .

58 1656 212 1734 crabatnr
233 1652 354 1718 numini
374 1653 481 1730 locus,
516 1651 608 1740 cnjus
639 1674 766 1719 sacrum
788 1655 820 1719 in
840 1655 946 1722 medio
971 1655 1197 1721 collocabatur.

16 1786 20 1796 .
57 1741 125 1806 Alia
148 1741 232 1806 enim
253 1739 278 1805 si
300 1739 445 1826 apposita
465 1747 556 1818 snut,
588 1735 630 1804 ad
645 1749 804 1805 ornatum
839 1752 960 1809 tautum
989 1741 1200 1831 pertinebant.
1279 1787 1281 1791 -

56 1824 159 1892 -Unde
180 1824 265 1891 idem
284 1824 357 1890 alibi
378 1821 547 1922 Virgilius:
958 1854 960 1864 ·
1019 1854 1022 1859 ·

142 1912 189 1976 In
210 1908 323 1975 medio
352 1908 440 1973 milet
469 1907 597 1972 Caesar
627 1907 704 1972 erit'
725 1908 959 1998 templumque
989 1909 1138 1986 tenebit3
1177 1939 1184 1952 κ

58 1995 92 2061 id
128 2009 197 2075 est,
231 1996 260 2060 ei
294 1993 447 2082 templum
477 1995 693 2060 consecrabo.¹
727 1993 811 2066 Nam
834 1996 921 2082 quod
943 1997 987 2064 ait
1013 1997 1050 2060 in
1072 1995 1196 2073 medio,
1204 2014 1242 2063 so

59 2082 128 2171 ejus
159 2081 231 2146 fore
259 2079 412 2167 templum
439 2077 608 2164 significat.
659 2078 756 2154 Quod
787 2080 927 2169 adjunxit
964 2081 1198 2166 tamtumque

59 2165 209 2245 tenebit,
231 2167 328 2231 verbo
351 2164 522 2253 pontificali
544 2186 622 2230 usus
643 2175 701 2230 est.
745 2165 808 2240 Qui
830 2169 913 2232 enim
936 2104 1090 2254 templllm
1107 2165 1201 2230 dica·
1256 2251 1257 2255 Ἰ

60 2255 133 2330 bat,
170 2263 295 2340 postem
323 2261 452 2330 tenens,
485 2248 564 2315 dare
593 2272 629 2314 se
650 2248 779 2317 dicebat
801 2253 937 2330 numini,
975 2251 1063 2339 quod
1085 2253 1126 2316 ab
1148 2251 1199 2315 illo

58 2359 196 2403 necesse
218 2337 302 2402 soret
317 2336 389 2425 jaur-
405 2335 518 2415 teneri,
560 2345 573 2402 t
594 2336 635 2400 ab
656 2336 796 2402 humano
816 2339 886 2424 jure
910 2337 1087 2404 discedere.
1132 2334 1200 2401 Sed

59 2435 93 2491 et
115 2421 410 2508 Romanilegimus
431 2420 530 2487 moris
540 2357 667 2496 luisse,
682 2470 684 2479 .
702 2434 738 2489 nt
768 2423 848 2489 bella
880 2425 1004 2510 gesturi
1033 2423 1076 2489 de
1107 2432 1245 2507 partem

58 2507 204 2598 praedae
241 2507 359 2595 aliquid
396 2506 576 2572 numinibus
630 2505 846 2591 ollicerentur3
885 2508 970 2573 adeo
1004 2521 1042 2576 ut
1076 2507 1203 2572 Rornae
1263 2496 1267 2522 ⁴

59 2616 160 2661 unum
183 2592 335 2682 templum
356 2592 454 2658 fuerit
473 2592 561 2657 Joris
626 2594 818 2674 raedatoris,
854 2616 916 2659 uon
950 2591 1037 2681 quod
1062 2591 1203 2680 praedae

59 2679 221 2831 praesit,V
229 2678 290 2745 sed
319 2667 396 2767 qula
428 2675 459 2744 ei
480 2700 521 2745 ex
541 2675 663 2765 praeda
680 2679 797 2770 aliquid
820 2680 966 2749 dabatur.
1005 2663 1107 2749 Unde
1139 2678 1226 2774 hocl

60 2766 161 2834 traxit
223 2765 251 2830 ir
276 2764 305 2783 ““
352 2785 363 2830 :·
515 2800 521 2815 ι
856 2768 859 2775 “

145 2765 461 2936 Irrutrffllllslerm,
480 2841 644 2935 divosque
666 2839 848 2936 ipsumque
867 2863 1033 2917 coeamus·
1210 2873 1247 2922 ac
1308 2830 1314 2877 Ἰ

147 2935 194 3000 In
220 2947 361 3022 partem
386 2933 623 3021 praedamque
651 2932 780 2996 Jovem.
981 3013 984 3020 Ι
1188 2932 1192 2955 “·

60 3022 116 3089 De
154 3044 200 3108 pu
227 3043 267 3086 na
303 3042 434 3107 quoue
475 3019 635 3084 venientes
678 3039 817 3083 nonnum
840 3036 915 3103 uam
956 3021 1090 3088 victores
1131 3047 1204 3091 cum
1240 3014 1244 3027 ’

62 3106 188 3175 multitu
213 3107 265 3171 'ue
294 3043 403 3206 pepedi
442 3104 538 3171 *obvia
569 3104 610 3167 ad
641 3104 768 3168 nemina
796 3127 920 3176 mauors
947 3106 1053 3189 ibant,
1091 3120 1124 3175 et
1150 3111 1204 3190 ibi,

62 3195 139 3282 qrsra
162 3193 271 3258 hostes
293 3196 505 3278 tugaverant,
535 3210 608 3254 cum
642 3188 820 3276 gratiarum
851 3191 978 3258 actione
1005 3204 1039 3260 et
1066 3193 1204 3281 gaudio-

62 3303 136 3345 rum
163 3276 356 3345 exhibitione
384 3299 460 3344 ores
489 3273 705 3363 immolabant.
764 3272 860 3342 Unde
887 3288 920 3343 et
950 3302 1049 3346 orans
1083 3280 1248 3351 dictumst

63 3377 132 3444 est;
164 3385 237 3430 nam
259 3363 364 3430 oratio
385 3361 515 3451 proprie
537 3370 607 3426 erat
637 3360 740 3425 minor
771 3361 960 3450 triumphus.
1013 3367 1205 3432 Orationem

63 3451 149 3516 euim
169 3452 224 3538 qui
243 3460 422 3531 meruerat,
452 3461 486 3514 et
508 3467 574 3511 uno
598 3467 683 3532 equo
704 3445 876 3529 utebatur,
908 3460 941 3527 et
964 3473 983 3516 a
1006 3451 1135 3539 plebejis
1159 3452 1207 3517 vel
1318 3522 1323 3535 ¹

62 3532 224 3624 equitibus
245 3534 403 3601 Romanis
434 3533 475 3599 ad
505 3530 657 3617 templum
680 3531 857 3611 deductus,
888 3533 930 3600 de
950 3537 1061 3602 oribus
1076 3531 1205 3617 ¹sacrifi·
1324 3546 1328 3557 “

63 3623 169 3689 cabat.
213 3619 280 3694 Qui
299 3632 407 3688 autern
427 3619 523 3686 trium
547 3618 655 3697 habat,
677 3618 755 3683 albis
778 3618 870 3706 equis·
884 3632 1023 3706 quatuor
1045 3626 1206 3705 utebatur,

62 3719 96 3775 et
116 3711 233 3774 sen'atu
280 3718 432 3773 raeeunte
454 3703 488 3770 in
539 3701 669 3792 apitolio
691 3715 799 3770 tauros
827 3706 999 3773 mactabat.v
1056 3785 1057 3790 γ
1149 3730 1151 3735 ’
1215 3730 1250 3780 oo

149 3793 205 3859 34.
278 3813 314 3858 ro
348 3790 500 3880 qualitate
521 3790 636 3857 etiam
677 3793 841 3857 numinum
880 3803 1012 3866 orantes·
1047 3791 1206 3859 interdum
1264 3863 1274 3880 Ι
1322 3818 1326 3825 ·

63 3879 145 3960 ima,
166 3876 329 3947 interdum
349 3900 472 3945 summa
494 3875 720 3964 respiciebant.-
762 3875 850 3943 Nam
863 3888 1048 3965 potestates,
1071 3888 1108 3944 nt
1130 3878 1210 3944 dixi-

63 3989 155 4044 mus,
191 3963 273 4030 aliae
294 3963 452 4030 caelestes
471 3975 562 4041 sunt,
597 3959 678 4025 aliae
701 3974 887 4040 terrestres,
921 3961 1002 4029 aliae
1023 3963 1209 4050 permixtae.

64 4051 151 4117 Hinc
179 4062 248 4126 est,
288 4048 377 4137 quod
404 4047 579 4135 Apollinem
610 4045 824 4133 deprecantes·
858 4046 953 4135 (qni,
989 4061 1027 4116 ut
1064 4047 1209 4123 diximus,

64 4137 163 4206 etiam
197 4135 373 4201 inferorum
403 4132 483 4199 deus
513 4143 580 4211 est;
613 4131 754 4201 undeet
776 4131 875 4222 adyta
898 4133 928 4198 ei
951 4131 1089 4220 dantur}
1111 4134 1253 4197 ltunroa's
1331 4168 1337 4175 «

66 4223 348 4302 assternebautur3
385 4230 435 4287 ot:
489 4217 678 4312 Sammliasi
713 4218 869 4310 petimus
906 4229 1065 4286 terrem.
1110 4216 1242 4279 besem
