2684 4606
409 152 593 254 synape..
620 153 654 228 1.
707 147 828 231 59-
849 149 915 227 ιιι.
938 197 945 221 .,
1084 254 1087 267 ι
1182 153 1232 228 ιιι

94 356 149 401 sus
169 344 243 403 est.
271 332 413 400 Moriens
442 345 549 400 autem
575 332 697 403 Nessus
720 332 796 401 (lixit
817 333 1003 402 Deianirae:
1022 332 1147 422 collige
1170 333 1236 401 tihi
1290 346 1292 351 ’

52 481 57 486 .
92 441 252 502 cruorem
267 420 393 498 istanc,
416 419 549 506 eritque
567 417 633 482 tibi
646 436 710 505 pro
726 442 900 491 mrcnerea
913 419 1115 493 medatem.
1134 419 1235 486 Nam
1319 419 1321 424 ’

92 503 287 590 siquando
307 503 475 568 Herculia
503 516 601 568 emor
621 525 643 566 a
667 513 701 572 ta
722 504 967 582 declinaverit,
993 513 1140 578 vestem,
1171 504 1234 568 hoc
1322 509 1324 512 ’

59 661 62 666 ,
93 610 216 652 cruore
229 587 415 671 injectam,
435 588 511 655 circ
525 584 697 663 triba-ens,
720 591 794 677 ejus
808 611 959 664 autorem
970 587 1142 655 revocabis
1154 587 1237 663 tihi.

56 682 62 691 '
94 672 202 747 Quum
232 673 333 760 igitur
360 672 519 738 Hercules
549 671 707 760 quandam
739 674 939 749 meretricem
963 683 1100 751 amaret,
1132 687 1255 740 exosas

91 756 246 829 Deianira
269 757 352 827 misit
374 758 405 823 ei
426 769 564 841 uestem,
592 757 642 826 illo
667 773 787 825 veneno
811 759 978 839 iniectam,
1000 758 1153 828 mandans
1216 781 1232 824 r

91 840 415 924 mehamtamulum
436 843 522 932 ejus,
544 856 580 919 ut
601 843 681 913 hora
702 843 847 911 sacrificii
868 842 950 913 illam
972 842 1127 911 indueret.
1158 781 1248 919 (lde-

91 928 242 1011 indutus,
270 928 416 1001 adhaesit
436 928 510 995 :cuti
537 928 635 1009 illius,
669 928 838 1018 caepitque
867 951 1021 1021 venenum
1037 941 1133 999 artus
1153 929 1231 1000 illius
1332 987 1338 991 .

89 1013 262 1083 infundere
280 1012 504 1101 etincendere.
535 1015 631 1080 'l'unc
645 1012 789 1095 Licham,
796 1013 865 1104 ‚qui
883 1015 912 1089 ei
926 1027 1045 1095 vestem
1059 1014 1228 1094 detulerat,

90 1097 122 1163 in
150 1098 317 1164 Euboicas
347 1098 481 1187 projecit
508 1097 620 1165 undas.
658 1101 703 1166 Se
725 1099 829 1189 ipsum
851 1101 882 1165 in
905 1104 1026 1172 Aetnae
1047 1100 1273 1174 nonusis-1⁰
1328 1167 1330 1170 .

85 1181 243 1251 -eendium
261 1183 365 1268 misit,
396 1184 496 1252 etsie
516 1183 599 1252 inter
618 1183 697 1253 deos
720 1182 889 1253 translatus
912 1199 971 1277 est.

184 1378 221 1405 .,
273 1322 344 1402 59.
397 1323 687 1402 Philoctetes
727 1338 770 1399 et
802 1300 1050 1400 liet-calesu
1127 1311 1129 1315 Α

41 1437 48 1516 ζ
78 1446 104 1494 l·
156 1443 375 1513 Philoctetes
406 1444 464 1511 luit
480 1444 638 1512 ,Poeantis
667 1445 766 1526 iilius,
796 1438 946 1512 Herculis
967 1468 1083 1512 comes.
1111 1436 1233 1519 'Quem

90 1530 270 1610 Hercules,
299 1551 396 1618 quum
418 1530 578 1596 hominem
602 1531 634 1596 in
656 1535 757 1599 Aetne
778 1544 886 1599 monte
909 1532 1103 1620 deponeret,
1130 1530 1232 1625 petiit,

89 1636 132 1680 ue
160 1616 254 1682 alicui
284 1617 334 1682 sui
364 1617 507 1704 corporis
535 1615 681 1702 reliquias
707 1616 872 1690 indicaret..
923 1616 977 1691 De
1004 1639 1067 1707 qua
1094 1636 1131 1681 re
1154 1632 1227 1682 euru
1237 1641 1272 1693 15

84 1700 199 1790 jurare
237 1700 405 1790 compulit,
445 1712 478 1769 et
516 1702 545 1767 ei
577 1724 789 1789 premanere
811 1701 901 1777 dedit
928 1702 1078 1790 sagittas,
1106 1701 1230 1794 hydrae

90 1786 164 1852 t'elle
191 1788 317 1854 tinctas.
367 1787 489 1854 Postea
515 1787 659 1877 Trojano
689 1789 770 1857 bello
797 1811 985 1878 responsum
1012 1799 1078 1867 est,
1104 1787 1230 1873 sagittis

87 1873 241 1941 Herculis
263 1894 345 1961 opus
364 1894 436 1939 esse
457 1870 499 1938 ed
521 1873 658 1963 Troiae,
687 1898 744 1944 seu
765 1873 832 1955 Ilii,
859 1875 1133 2024 expugnationem.
1178 1871 1231 1945 ln·
1286 1894 1287 1899 ¹

88 1970 203 2026 ventus
223 1959 334 2046 itaque
352 1955 565 2039 Philoctetes,
592 1978 689 2048 quum
712 1961 753 2026 ab
775 1983 816 2025 eo
835 1961 948 2026 Hercu
960 1982 994 2027 es
1012 1969 1231 2048 quaereretur,

58 2078 63 2094 .
89 2057 123 2110 et
140 2044 406 2132 ‘negaretprimo
428 2066 465 2110 se
485 2044 585 2118 scire,
614 2046 667 2111 uhi
689 2050 776 2112 esset
796 2044 971 2126 Hercules,
1001 2044 1130 2112 tandem
1152 2066 1270 2125 cun-20

89 2128 195 2196 lessus
225 2141 291 2209 est,
329 2141 489 2196 mortuum
518 2149 599 2217 esse.
642 2131 733 2207 Idem
762 2141 859 2225 quum
887 2131 1003 2205 acriter
1024 2130 1067 2199 ad
1087 2128 1228 2199 indican-

88 2215 166 2280 dum
187 2214 369 2300 sepulcrum
392 2214 460 2304 ejus
483 2226 675 2300 cogeretur,
706 2215 785 2282 'ede
807 2217 910 2283 locrun
930 2216 1103 2304 percussit,
1131 2237 1230 2302 quum

87 2300 187 2367 nollet
208 2299 327 2366 dicere.
371 2300 493 2372 Postea
515 2322 655 2388 pergens
679 2242 722 2369 ad
743 2301 874 2382 bellum,
895 2323 992 2390 quum
1013 2303 1230 2381 exerceretur,

88 2386 230 2474 sagittae
250 2387 342 2452 unius
365 2409 443 2454 casu
465 2388 645 2454 vulneratus
668 2388 768 2460 estin
796 2386 900 2476 pede,
933 2408 1001 2474 que
1025 2398 1229 2476 percusserat

88 2472 254 2538 tumulum.
304 2473 398 2557 Ergo
421 2493 517 2559 quum
550 2471 705 2539 foetorem
733 2471 913 2551 insanabilis
944 2471 1079 2538 vulneris
1105 2471 1267 2546 Graecias

87 2558 174 2623 ferre
213 2580 277 2622 non
334 2569 459 2637 essent,
502 2557 557 2624 diu
594 2556 742 2646 equidem
779 2580 837 2651 pro
872 2556 991 2628 oraculi
1026 2556 1226 2638 necessitate,

86 2643 219 2711 ductum
252 2581 378 2709 taudem
408 2641 493 2731 apud
524 2642 683 2710 Lemnum
712 2643 841 2715 sublatis
869 2641 1066 2732 reliquerunt
1091 2642 1226 2728 sagittis.

85 2730 152 2794 Hic
179 2740 294 2832 postea
326 2729 460 2795 horrore
487 2729 534 2794 sui
565 2729 699 2801 vulneris
724 2727 767 2795 ad
789 2728 922 2825 patriam
942 2726 1048 2794 redire
1069 2727 1227 2817 neglexit;
1312 2786 1314 2797 .

87 2814 146 2885 sed
165 2815 227 2883 srbi
247 2836 376 2909 parram
400 2812 545 2882 Petiliam
565 2812 598 2880 in
619 2813 788 2883 Calabriae
810 2814 952 2903 partibus
974 2813 1059 2886 tecit.

352 2953 422 3030 60.
476 2957 674 3058 Nepotes
715 2957 950 3034 Herculis.
1023 2930 1034 3026 Ἀ
1184 2980 1264 3030 =so

168 3076 349 3163 Postquam
380 3076 553 3155 Hercules,
569 3076 718 3166 migravit
745 3102 765 3145 e
790 3077 902 3157 terris,
931 3085 1064 3164 nepotes
1087 3073 1165 3163 ejus,
1186 3072 1226 3138 fi·
1294 3124 1315 3152 ,·

86 3173 211 3228 mentes
229 3160 360 3244 insidias
377 3185 506 3243 eorum,
539 3184 619 3251 quos
647 3163 805 3231 Hercules
830 3161 989 3228 afflixerat
1008 3156 1225 3249 multipliciter.

86 3246 219 3313 Athenis
243 3246 304 3312 sibi
323 3250 414 3337 primi
436 3250 574 3340 asylum,
596 3250 661 3316 hoc
681 3264 730 3317 est
750 3248 901 3338 templum
921 3245 1098 3324 Minervae,
1128 3241 1225 3309 eollo-
1304 3286 1306 3291 -

85 3343 217 3410 cerunt,
248 3330 335 3398 unde
361 3333 462 3401 nullus
491 3351 600 3423 posset
621 3336 755 3416 abduci}
794 3333 882 3422 quod
919 3343 952 3400 et
981 3331 1102 3404 Statius
1131 3327 1224 3396 dicit:

87 3415 281 3491 Herculeos
301 3418 416 3484 cedem
430 3415 607 3504 fundasse
627 3432 777 3508 nepotes.
818 3418 897 3486 ideo
921 3438 1002 3504 ergo
1034 3417 1093 3496 ait,
1129 3412 1262 3500 quoddd

86 3501 264 3566 Romulus
275 3503 427 3568 Athenis
436 3504 574 3594 asylum
590 3507 733 3585 retulit,
756 3505 820 3571 hoc
837 3516 896 3579 est,
916 3500 1067 3654 ternplum
1088 3499 1164 3565 felli
1183 3495 1227 3564 ad

85 3585 297 3653 imitationem
319 3589 515 3657 Atheniensis
538 3589 624 3687 asyli.
653 3588 750 3666 Quod
771 3589 845 3656 ideo
874 3591 981 3656 Romu
995 3610 1031 3654 us
1061 3584 1152 3659 fecit,
1185 3592 1223 3649 ut·

85 3671 221 3739 haberet
243 3671 382 3740 advenas
402 3675 526 3763 plures,
545 3672 622 3742 cum
644 3677 757 3764 quibus
778 3675 931 3743 conderet
943 3675 1090 3740 Romam.
1107 3666 1223 3753 ‘Unde
1326 3700 1330 3709 ·

86 3757 267 3825 luvenalist
297 3760 345 3824 Et
366 3771 482 3825 turnen
501 3771 540 3826 nt
559 3761 662 3847 longe
680 3771 816 3849 repetas
832 3762 999 3853 longeque
1014 3755 1168 3822 revolves
1184 3788 1227 3813 -.·

87 3865 230 3924 nonren,
258 3841 302 3908 ch
323 3842 452 3928 infami
470 3856 612 3934 gentem
633 3845 776 3915 deducis
797 3846 877 3931 croyl
899 3895 907 3911 .
1233 3871 1268 3925 ιο

337 3973 402 4049 (il.
456 3977 629 4054 Pholus
666 3993 708 4054 el
741 3958 984 4058 Hercules.

177 4095 323 4170 raone,
349 4095 424 4162 suu
453 4096 660 4180 'suessanae
688 4098 776 4166 asoa
796 4121 817 4164 a
837 4080 940 4164 enon
967 4097 1147 4181 centauro,
1176 4090 1231 4177 qu

89 4205 163 4250 eam
201 4180 379 4264 incolebat;
413 4183 486 4270 quia
516 4182 638 4251 Pholus
667 4197 832 4274 tempore,
872 4204 936 4270 quo
971 4182 1012 4248 ab
1048 4178 1230 4268 Eurystheo
