2684 4606
76 128 78 135 v
153 180 209 258 dd
492 180 737 283 lllptbogrd.
792 180 1011 265 59·40·'

154 407 297 478 secreta,
334 418 418 485 quae
447 396 606 463 Hercules
635 395 750 464 missus
778 396 820 461 ab
848 394 1055 483 Eurystheo,
1091 390 1201 463 occiso

91 483 103 495 ''
155 483 242 571 sigili
259 482 411 561 dracone,
435 481 568 549 sustulit
599 481 727 548 Revera
751 493 860 548 autem
881 481 1003 548 nobiles
1021 482 1150 550 fuerunt
1164 420 1236 572 pneb

101 616 104 624 ·
177 591 289 635 uarum
329 589 451 655 greges
487 567 598 656 abegit
631 566 814 647 Hercules,
857 567 968 633 occiso
1005 589 1117 633 eorum
1154 582 1236 639 cuso

188 653 251 720 nde
279 654 376 719 mola
401 653 535 740 fingitur
562 652 745 732 sustulisse,
785 652 849 719 hoc
879 663 929 718 est
954 674 1038 718 oves
1091 654 1178 720 Nam
1204 685 1233 745 μ

128 739 304 808 edicuntur
324 761 418 821 oses,
439 750 473 807 et
492 732 691 828 μηλονόμος
712 734 829 805 dicitur
850 749 962 827 pastor
984 738 1097 806 ovium.
1195 756 1198 763 ’

334 951 405 1061 59.
459 950 676 1029 Atalante
708 966 753 1030 et
786 956 1112 1057 Hippomenes.

237 1109 405 1178 Schoenus
429 1106 538 1174 civitas
559 1119 617 1175 est
660 1106 793 1175 Exinde·
816 1109 909 1197 virgo
938 1109 998 1178 luit
1018 1111 1181 1192 Atalante,
1202 1134 1236 1203 pr

151 1205 266 1286 potens
289 1217 405 1275 cursu,
433 1193 516 1262 adeo
544 1203 581 1260 ut
601 1204 666 1262 tres
687 1217 823 1286 sponsos
844 1209 1037 1284 provocatos
1058 1221 1098 1264 ac
1120 1199 1223 1267 victos

152 1281 275 1367 uiderit
315 1281 438 1349 Postea
464 1280 686 1368 Hippomenes
715 1282 896 1360 Venerem,
928 1295 966 1348 ut
986 1284 1046 1348 sibi
1068 1282 1218 1365 adesset,

107 1369 249 1456 legarit
302 1367 331 1433 Α
361 1390 426 1454 qua
460 1388 558 1454 quum
587 1365 765 1454 accepisset
793 1364 836 1435 de
863 1365 958 1434 borao
987 1368 1206 1456 Hesperidum

149 1453 234 1521 mala
264 1474 382 1528 aurea,
397 1456 402 1473 '
418 1450 603 1540 provocavit
633 1451 788 1541 puellam,
820 1461 854 1520 et
888 1452 1153 1542 singula'coepit
1179 1456 1236 1545 jae

148 1538 247 1607 'l'unc
277 1538 442 1615 Atalante,
484 1535 660 1623 cupiditate
682 1536 948 1625 ‘colligendorum
976 1538 1130 1607 malorum
1159 1554 1236 1611 rste

148 1636 302 1715 superata
323 1635 381 1692 est
422 1621 493 1690 Sed
513 1622 745 1725 Hippomenes,
766 1624 884 1711 potitus
906 1623 1062 1708 victoria,
1075 1626 1108 1693 in
1133 1625 1207 1694 luco
1225 1632 1236 1697 l

148 1713 206 1778 tris
227 1709 382 1787 deorum,
411 1709 607 1797 impatientra
636 1707 839 1797 compulsus,
869 1731 943 1775 cum
962 1711 1046 1777 victa
1063 1711 1236 1783 Atalante!

104 1815 142 1865 15
151 1797 269 1864 babuit.
301 1794 400 1862 Unde
418 1795 501 1862 irata
522 1791 584 1860 dea
605 1794 638 1860 in
658 1793 767 1861 leones
789 1816 845 1860 eos
864 1797 1030 1878 convertit,
1051 1811 1085 1864 et
1107 1820 1167 1864 suo
1187 1820 1236 1869 cu

147 1882 349 1969 sub'ugatdt,
376 1892 410 1948 et
432 1880 613 1969 praecepit,
643 1902 685 1945 ne
715 1902 868 1983 umquam
892 1880 1003 1948 leones
1033 1884 1166 1952 coirent
1209 1884 1236 1969 Ι

148 1980 183 2036 et
200 1909 323 2034 l'linius
343 1966 376 2032 iu
397 1965 542 2033 Naturali
563 1965 709 2032 Historia
730 1965 826 2045 dicit,
853 1965 977 2034 leonem
999 1990 1074 2034 cum
1104 1970 1236 2067 pardap

147 2053 285 2144 pardum
306 2060 380 2119 cum
399 2052 512 2117 leaena
534 2053 758 2118 concumbere.
781 2092 782 2099 κ
800 2049 881 2118 Ideo
904 2064 1011 2120 autem
1034 2065 1137 2121 mater
1158 2055 1236 2127 deo!

150 2162 248 2207 curru
269 2139 341 2206 sebi
362 2136 498 2218 dicitur,
518 2137 594 2240 quia
615 2137 686 2225 ipsa
708 2149 759 2205 est
778 2148 884 2219 terra,
906 2161 990 2225 quae
1010 2139 1134 2227 pendet
1152 2140 1236 2211 ind

104 2226 231 2293 aoldeo
261 2235 458 2292 sustentatur
484 2234 581 2303 rotis,
615 2223 691 2312 quia
721 2222 860 2291 mundus
891 2237 1016 2291 rotatur
1048 2237 1081 2293 et
1111 2227 1236 2299 resolui

151 2324 209 2379 est.
251 2310 333 2377 Ideo
353 2311 384 2375 ei
406 2309 621 2398 subjugantur
647 2309 774 2388 leones,
808 2320 846 2377 ut
875 2309 1082 2393 ostendatur,
1116 2316 1236 2389 materd

145 2398 297 2486 pietatem
317 2409 420 2464 totum
438 2417 535 2484 posse
552 2417 719 2482 superare.
748 2393 829 2462 Ideo
845 2395 1048 2485 Corybantes
1064 2397 1132 2487 ejus
1150 2394 1236 2487 mi*

145 2495 274 2551 etcum
296 2481 412 2551 strictis
433 2479 548 2568 gladiis
571 2504 643 2549 esse
663 2483 848 2568 linguntur,
880 2492 916 2548 ut
940 2482 1161 2570 significetur,
1179 2508 1236 2565 on

144 2590 204 2657 pro
226 2582 313 2637 terra
334 2591 393 2638 sua
413 2566 536 2634 debere
555 2589 712 2655 pugnare.
756 2565 854 2642 Quod
885 2579 992 2635 autern
1014 2570 1161 2638 turritam
1181 2572 1236 2663 pq

99 2678 316 2735 25coronam,
347 2654 505 2734 ostendit,
532 2654 751 2743 superpositas
783 2663 891 2721 terrae
918 2676 991 2723 esse
1020 2655 1183 2743 civitates»,
1201 2666 1236 2771 ss

143 2741 310 2832 insignitas
331 2740 473 2809 turribus
496 2748 631 2808 constat
1219 2764 1236 2843 p

540 2946 609 3023 do.
661 2890 885 3024 Helenus.
949 3017 953 3024 .

58 3148 61 3153 ·
228 3105 372 3175 Helenus
396 3100 482 3195 apud
500 3104 648 3170 *Arisbam
682 3114 795 3207 captus
824 3126 844 3169 a
870 3103 1007 3171 Graecis
1037 3106 1115 3186 luit,
1148 3084 1236 3189 etid

142 3194 226 3262 cavit
263 3205 395 3260 coactus
427 3193 494 3258 fata
526 3189 685 3279 Troiana,
723 3212 755 3255 1n
784 3189 898 3277 quibus
931 3191 1027 3259 etiarn
1067 3192 1110 3258 dc
1141 3198 1210 3280 pa'

100 3280 239 3348 ³0Unde
261 3279 377 3346 dicitur
398 3301 418 3345 a
438 3276 565 3367 Pyrrho
591 3276 746 3342 meruisse
768 3294 889 3362 regna,
914 3280 1064 3364 qnoniam
1085 3278 1197 3367 praedi
1219 3286 1222 3291 '

138 3367 277 3458 Pyrrho,
298 3379 336 3433 ut
357 3384 414 3454 per
435 3375 555 3431 terram
576 3363 705 3442 rediret,
728 3361 858 3443 dicens,
877 3385 993 3430 omnes
1010 3365 1157 3430 Graecos
1179 3364 1198 3452 (

139 3468 173 3522 et
206 3453 360 3540 contigit)
387 3450 557 3535 naufragio
590 3471 663 3516 esse
694 3448 862 3536 perituros.
914 3450 1010 3516 Tunc
1040 3449 1180 3517 Diomed
1223 3502 1230 3519 .

141 3648 272 3707 arcem,
307 3635 340 3692 et
367 3622 480 3688 occisis
509 3619 696 3688 custodibus
736 3620 895 3688 sustulere
925 3620 1138 3691 simulacrum.

96 3725 246 3780 stantem
281 3711 345 3777 boc
375 3707 541 3796 negotium
573 3708 622 3774 bis
652 3705 847 3796 potissimum
883 3705 995 3789 datur,
1017 3710 1108 3797 ¹'quia
1147 3706 1198 3774 cul

51 3575 52 3581 κ
138 3541 265 3622 Ulixes,
286 3551 321 3606 ut
340 3536 392 3605 alii
412 3536 538 3617 dicunt,
560 3534 728 3617 cuniculis,
756 3545 793 3602 ut
814 3534 883 3614 alii,
913 3535 1047 3616 cloacis,
1070 3526 1236 3873 ascend}

140 3801 269 3866 fuerunt
305 3797 480 3864 Minervae.
539 3794 617 3859 Hoc
648 3817 746 3881 quum
779 3802 893 3882 postea
928 3794 1106 3863 Diomedes
1140 3795 1182 3861 ba

140 3885 289 3964 credens,
311 3884 369 3950 sibi
388 3903 451 3947 non
469 3903 541 3947 esse
562 3891 671 3969 aptum
715 3892 825 3970 ropter
846 3902 906 3946 sua
927 3881 1085 3969 pericula,
1107 3878 1236 3969 traused

138 3975 268 4037 Aeneae
290 3971 409 4035 offerre
430 3979 563 4037 conatus
585 3977 644 4033 est.
688 3903 756 4033 §ed
774 3989 873 4055 quum
895 3965 1022 4047 seille,
1044 3968 1148 4035 velato

141 4058 343 4136 sacrificans,
366 4054 588 4129 convertisset,
621 4052 744 4120 Nautes
769 4051 896 4142 quidam
921 4053 1048 4139 aceepit
1068 3990 1236 4157 simulada

97 4151 134 4202 40
142 4142 239 4209 Unde
257 4141 419 4210 Minervae
440 4140 597 4206 sacrificia
616 4161 679 4203 non
699 4136 783 4206 Julia
804 4159 887 4227 gens
909 4137 1040 4217 habuit,
1069 4139 1127 4207 sed
1158 4132 1236 4233 Νὴ

142 4250 222 4296 rum.
272 4228 474 4317 Quamquam
511 4226 562 4293 alii
581 4224 716 4311 dicant,
752 4225 956 4295 simulacrum
986 4224 1050 4292 hoc
1082 4249 1102 4294 a
1132 4220 1236 4319 Trois
