2684 4606
83 128 87 137 ’
147 154 227 241 roo
454 126 634 270 nynoge
666 164 718 238 11.
774 162 976 242 ee-ns.
1080 109 1086 120 ’

306 310 328 337 l
548 404 552 411 -
610 350 679 427 99.
743 355 821 429 lo.

230 481 266 547 io
288 479 423 559 inachi,
451 477 641 566 Argivorum
663 480 770 584 regis,
791 480 855 547 fitia
874 479 941 546 init.
984 481 1067 547 Cum
1090 466 1154 573 qna
1175 492 1279 552 amau

145 569 225 632 Jove
245 575 406 644 morante,
441 565 526 632 Jnno
548 579 737 654 superremt.
780 567 913 634 'limene
932 564 1002 647 itte,
1040 588 1081 633 ne
1101 567 1278 657 deprehen·
1313 636 1317 649 ,

145 655 295 734 deretur,
323 653 433 720 Ionem
455 651 487 716 in
509 673 638 719 naccam
659 651 806 733 mutarit,
838 663 871 718 et
892 674 963 719 eam
984 654 1129 739 poscenti
1150 655 1279 737 Juuoni,

119 755 187 804 sne
208 737 349 826 pellicem
371 737 593 815 confiteretur,
607 736 708 807 dedit.
752 737 815 803 Oui
835 736 920 804 Jnno
942 739 1085 826 Argum,
1115 738 1279 827 Aristociis

118 824 258 906 tridium,
281 863 283 867 ν
303 824 448 890 omnibns
494 824 642 892 membris
687 822 865 904 oculatum,
910 822 1077 891 custodem
1124 827 1280 916 apposuit.

82 980 85 985 ,
142 911 249 985 Quem
288 920 385 999 quum
421 907 567 996 anpiter
600 931 660 998 per
693 908 886 976 Mercurium
923 908 1150 992 interemisset,
1187 904 1280 989 ..iuno

143 1019 216 1063 eum
237 995 270 1061 in
290 1017 446 1085 pavonem
468 994 605 1062 mutavit.
659 993 729 1060 Ioni
751 1017 826 1061 vero
859 995 987 1062 immisit
1016 1007 1179 1078 oestrum,
1215 1016 1301 1089 quo·

33 1137 40 1153 .
82 1104 84 1109 ·
141 1093 212 1149 toto
232 1083 311 1148 orbe
332 1091 444 1148 vexata
464 1076 593 1149 tandem
617 1078 660 1145 ad
678 1083 861 1171 Aegyptum
885 1081 985 1156 venit,
1008 1092 1041 1149 et
1058 1082 1146 1158 Joris
1172 1083 1280 1150 voiun-

32 1172 39 1189 ‘
102 1179 209 1235 rotate
229 1167 261 1233 in
281 1166 347 1235 Isin
368 1174 567 1234 narrataest.
609 1165 762 1253 Pingitur
790 1178 896 1234 autem
927 1167 988 1234 Isis
1016 1167 1048 1232 in
1077 1168 1281 1237 similitudine

27 1284 31 1290 ¹
132 1275 261 1343 ‚vaccae
281 1275 371 1321 mare
393 1252 555 1331 transisse,
578 1251 652 1354 quia
672 1251 796 1320 transiit
818 1253 850 1319 in
872 1252 959 1333 nari,
981 1274 1100 1320 vaccae
1120 1254 1279 1357 picturam

110 1339 289 1409 ¹habente.
319 1337 431 1493 ¹Quod
455 1348 491 1408 ut
516 1347 635 1427 certius
662 1359 860 1428 cognoscas,
897 1337 1057 1428 navigium
1086 1336 1180 1410 Indis
1217 1344 1281 1411 Ae-

140 1436 259 1516 gyptus
279 1448 319 1494 co
329 1425 362 1494 it.
1170 1454 1173 1459 ·

581 1595 650 1672 90.
704 1598 829 1672 Isis.

24 1722 25 1726 ¹
101 1745 136 1798 ln
225 1727 286 1796 Isis
308 1737 415 1794 autem
437 1734 487 1791 est
507 1725 631 1793 Genius
663 1723 819 1814 Aegypti,
852 1723 907 1810 qui
935 1745 995 1810 per
1023 1726 1108 1798 sistri
1143 1740 1300 1811 motum·

142 1811 229 1901 quod
250 1814 336 1902 gerit
355 1813 388 1878 in
414 1808 546 1891 dextra,
580 1811 646 1877 Nili
674 1833 825 1877 accessus
857 1830 1068 1901 recessusque
1098 1814 1280 1917 significan

182 1920 198 1965 r
219 1901 372 1976 fistulam,
394 1918 488 1984 qnam
507 1895 633 1964 sinistra
653 1895 778 1975 retinet,
800 1894 1049 1965 omnifluentiam
1062 1898 1277 1969 lacrimarum.

153 1985 199 2067 ¹is
221 1997 327 2056 autem
352 1983 461 2073 iingna
489 1983 720 2073 Aegyptiorum
742 1991 792 2050 est
813 1992 926 2063 terre,
958 2006 1053 2072 quam
1082 1984 1156 2054 Isin,
1170 1986 1279 2055 volunt

139 2092 220 2143 esse
960 2104 964 2115 ¹

25 2282 28 2286 -
97 2260 147 2309 ao·
234 2282 236 2286 <
556 2208 621 2316 91.
684 2241 851 2328 Osiris.

223 2362 324 2432 Osiris
337 2349 406 2433 'suit
426 2366 551 2522 quas,
572 2368 664 2437 Isidis
686 2369 834 2449 maritus,
858 2366 1063 2455 a'l'yphone‚
1087 2366 1187 2441 fratre
1206 2390 1276 2450 suo,

140 2447 317 2518 dilaniatus.
360 2454 467 2527 Quem
502 2455 543 2533 sis
552 2506 564 2536 ,
583 2457 698 2543 regina
718 2455 874 2545 Aegypti,
898 2453 954 2519 diu
974 2452 1157 2540 plangendo
1176 2477 1277 2540 quae-

138 2534 226 2616 sivit,
249 2548 281 2604 et
302 2537 430 2605 tandem
451 2541 611 2609 inventum
634 2541 787 2608 salutavit
829 2537 926 2605 Unde
946 2537 1100 2627 populus,
1127 2539 1183 2628 qui
1204 2540 1274 2622 eins
1303 2596 1308 2603 .

139 2620 214 2697 colit
234 2622 334 2705 festa,
356 2624 481 2695 simulat
501 2651 574 2694 eum
593 2647 766 2716 quaerere,
788 2637 820 2693 et
840 2624 1001 2693 inveniens
1023 2646 1115 2707 enm,
1144 2624 1275 2695 nudem

97 2706 253 2782 resalutat
274 2711 403 2778 Graece
423 2712 472 2781 his
495 2713 615 2781 verbis:
646 2732 854 2780 veneramur
876 2720 920 2776 te.

353 2906 422 2982 92.
476 2910 662 2984 Vannus
699 2909 864 2986 Liberi
897 2912 1058 3012 patria.
1154 2946 1156 2951 ·
1288 2930 1295 2941 ·

222 3033 349 3107 Dicitur
362 3039 422 3105 Isis
437 3038 561 3103 inventa
575 3036 710 3106 Osiridis
731 3039 874 3105 membra
894 3037 1000 3103 cribro
1022 3037 1276 3126 superposuisse.
1304 3066 1308 3075 ·

112 3120 222 3191 Nam
252 3122 337 3190 idem
366 3136 416 3191 est
442 3122 542 3187 Liber
568 3134 676 3212 pater,
708 3123 740 3189 in
771 3127 861 3214 cujus
887 3123 1043 3215 mysteriis
1073 3146 1194 3193 vannus
1215 3138 1274 3207 est,

139 3211 213 3294 quia
226 3208 336 3276 Liberi
357 3207 453 3297 patris
476 3227 568 3273 sacra
591 3207 635 3274 ad
654 3209 880 3299 purgationem
902 3209 1026 3275 animae
1048 3209 1219 3295 pertinent,
1240 3222 1289 3281 et·

96 3295 185 3362 eosic
197 3296 340 3363 homines
352 3294 507 3385 mysteriis
524 3293 591 3384 ejus
606 3296 844 3383 purgabantur,
867 3294 951 3363 sicut
971 3316 1090 3363 vannus
1112 3295 1290 3365 frumenta·

135 3392 267 3468 purgat.
308 3380 404 3447 Unde
425 3379 526 3446 Liber
546 3381 587 3446 ab
611 3404 661 3461 eo,
684 3379 771 3469 quod
795 3378 928 3461 liberet,
950 3390 1000 3447 est
1021 3376 1136 3450 dictus.
1167 3381 1273 3460 Quem

136 3467 233 3535 etiam
254 3466 406 3557 Orpheus
427 3465 504 3536 dicit
526 3463 721 3558 discerptum
742 3489 814 3534 esse
834 3490 854 3534 a
876 3464 1080 3555 Gigantibus.
1315 3472 1317 3479 '

537 3654 606 3731 95.
661 3658 862 3735 Venus.

1305 3746 1317 3775 1

222 3781 332 3849 Venus
368 3780 551 3873 indignata,
582 3784 670 3875 qnod
703 3786 913 3874 Proserpina,
949 3783 1039 3851 Jovis
1075 3796 1109 3853 et
1143 3783 1274 3853 Oererir

97 3863 217 3946 etfiiia,
239 3868 388 3957 conjugia
409 3881 592 3959 sperneret,
613 3872 758 3953 Plutoni,
780 3882 913 3960 propter
935 3881 1089 3937 terrorem
1111 3869 1273 3960 Typhoei,

90 3965 93 3970 ’
139 3954 311 4022 evomentis
340 3959 490 4037 Aetnam,
525 3959 567 4031 ab
592 3958 701 4026 inieris
723 3979 869 4036 emerso,
905 3956 1007 4023 intulit
1038 3979 1197 4037 amorem,
1236 3968 1274 4027 nt

139 4038 381 4129 Proserpinam,
403 4044 488 4111 circa
502 4066 656 4111 cacumen
666 4047 786 4113 Aetnae
806 4043 904 4108 flores
924 4040 1102 4128 legentem,
1124 4043 1273 4129 eriperet.
1314 4114 1317 4121 ,

140 4121 214 4207 Qun
238 4124 437 4216 compressa,
465 4152 562 4218 quum
586 4140 771 4219 properaret
795 4128 928 4213 ingere,
971 4128 1084 4215 Cyane
1110 4126 1274 4219 Nympha,
1307 4142 1317 4217 ’ζ

129 4229 231 4292 quam
263 4208 419 4285 dilexerat
449 4218 580 4307 Anapus
612 4215 731 4297 amnis,
770 4210 1008 4294 intercedente,
1033 4211 1193 4282 'tardatus
1214 4225 1274 4283 est.
