2684 4606
126 192 209 273 sm
377 130 768 296 Myuogr.111.,1t.,
814 188 1168 305 err—um.
1274 188 1282 201 ⁸

131 377 237 467 (unde
258 385 321 445 est:
368 377 537 466 Cynthius
558 396 678 443 aurem
700 374 844 464 vellit),
867 347 1135 441 frontemuento
1158 368 1258 459 (unde

134 476 167 531 et
200 463 295 530 deum
326 462 409 530 illurn
443 474 628 529 venerantes
666 462 803 528 frontem
843 461 1059 549 tangebant),
1117 458 1257 525 dextram

133 548 249 628 Fidei,
289 570 395 634 genna
428 547 663 613 Misericordiae
690 545 796 633 (unde
816 547 898 613 baec
919 557 1058 633 tangunt
1078 543 1257 632 rogantes).

218 635 270 701 24.
314 635 462 720 Denique
481 635 614 700 Achilles
650 646 742 700 natus
765 641 815 699 est
872 635 939 699 nasi
958 632 1066 712 ¹borno
1086 631 1282 721 perlectus,-

108 725 227 807 ⁶qnem
264 730 381 801 mater,
400 720 522 808 Stygiis
554 719 643 808 aquis
673 719 812 797 intinxit,
840 656 874 782 ll
894 730 962 799 est,
997 729 1111 784 contra
1152 735 1257 781 omnes

130 806 259 871 labores
291 803 407 871 durum
438 806 557 872 muniit.
611 803 721 870 Solum
759 803 787 870 ei
820 804 917 870 talum
953 825 1018 869 non
1055 801 1166 883 tinxit3
1198 784 1270 865 llos·

131 891 333 977 significante
359 889 483 970 sabula,
517 889 608 978 qnod
630 912 747 971 venae,
778 890 914 976 quaein
935 890 1000 957 tulo
1022 901 1121 968 sunt,
1147 885 1192 953 ad
1211 907 1257 950 re-

63 1012 117 1049 -;,.
133 998 209 1042 num
230 986 262 1042 et
282 976 438 1042 femorum
460 986 557 1063 atque
592 975 722 1043 virilium
753 976 907 1041 rationem
940 973 1109 1063 pertinent
1143 969 1258 1037 'Unde

134 1071 167 1129 et
191 1060 229 1127 ali
254 1083 316 1128 uae
352 1084 452 1128 venae
484 1084 586 1150 usqne
614 1061 657 1127 ad
689 1060 834 1148 pollicem
862 1059 1015 1138 tendunt;
1047 1070 1083 1126 et
1110 1058 1160 1133 01
1183 1056 1257 1122 bens

3 1178 6 1183 ²
92 1148 168 1212 ¹0in
204 1157 218 1213 t
250 1169 269 1211 o
311 1170 383 1214 esse
423 1147 626 1236 principalem
668 1146 801 1212 libidinis
828 1145 959 1214 indicat
987 1146 1104 1211 locum.
1201 1163 1284 1229 rgo.

135 1229 297 1299 evidenter
319 1233 515 1314 ostenditur,
551 1230 637 1321 quod
671 1222 809 1298 bumana
838 1232 936 1299 virtus
967 1232 1109 1320 quamvis
1141 1230 1257 1294 munita

133 1318 333 1397 adomnia,
373 1317 507 1384 lrbrdrnrs
539 1329 645 1386 tamen
682 1318 798 1384 ictibus
831 1320 976 1406 subjacet
1009 1317 1129 1404 patula.
1181 1312 1256 1378 lnde

78 1465 82 1470 ,
133 1405 229 1470 etiam
251 1402 293 1470 ad
315 1402 509 1493 Lycomedis
537 1406 660 1491 regiam
683 1403 802 1483 l'ertur,
836 1402 869 1468 id
891 1415 941 1471 est
961 1402 1003 1469 ad
1025 1399 1163 1468 libidinis
1185 1419 1254 1484 reg·

133 1511 218 1555 num.
262 1488 466 1577 Lycomedes
495 1487 616 1578 (ytoud
638 1488 763 1576 nodab)
795 1485 896 1553 dulce
924 1487 1077 1552 nibilum
1107 1488 1256 1587 interpre·

93 1581 128 1634 1⁵
137 1587 231 1647 tatur.
276 1575 387 1642 Omnis
410 1597 546 1663 namquo
568 1574 664 1641 libido
687 1585 719 1640 et
740 1572 896 1667 dulcistet
917 1573 991 1638 nihil
1012 1583 1070 1639 est.
1114 1574 1266 1663 Demque

47 1679 51 1686 '
133 1671 167 1727 et
187 1682 299 1727 eruore
322 1662 504 1750 Polyxenus
539 1660 625 1749 apud
648 1659 781 1743 'frojam
802 1659 900 1747 perit,
936 1669 969 1724 et
1020 1668 1130 1745 ropter
1162 1653 1255 1721 libidi-

133 1768 207 1810 nem
228 1767 286 1832 per
308 1746 404 1812 talum
428 1745 592 1813 occiditur.
647 1745 813 1834 Polyxena
841 1756 947 1812 autem
1011 1766 1108 1809 raece
1133 1740 1257 1805 neutro-

134 1853 214 1893 rum
232 1831 427 1916 peregrino
448 1831 584 1910 dicitnr,
607 1853 663 1898 seu
687 1831 760 1920 quia
784 1851 874 1897 amor
895 1839 1019 1898 mentes
1041 1830 1082 1893 ab
1105 1823 1276 1893 industria·

136 1937 195 1981 sua
231 1914 330 1981 l'aciat
363 1917 578 2002 peregrinari,
623 1938 680 1983 seu
710 1916 784 2004 quin
806 1913 900 2002 juxta
933 1915 1143 2001 Fulgentinm
1162 1908 1255 1998 ‘apud

91 1999 250 2066 ²⁰mult0s
271 2001 551 2087 peregrinabunda
585 2013 720 2103 vagetur
749 2001 854 2069 libido.
912 2000 966 2066 De
997 1998 1127 2066 Achillis
1160 2006 1256 2063 morte

135 2085 182 2150 sio
217 2085 348 2150 Servius
383 2087 501 2153 scribit.
557 2087 708 2166 Achilles,
747 2087 868 2174 inquit,
907 2085 939 2152 in
969 2085 1109 2175 Stygem
1138 2103 1256 2150 mersus

135 2168 301 2260 paludem,
337 2182 405 2237 toto
440 2194 577 2274 corpore
614 2171 844 2239 invulnerabilis
876 2153 952 2252 fult,
991 2181 1130 2258 excepta
1172 2179 1256 2259 perte

131 2270 200 2356 'qua
221 2266 325 2322 tentus
348 2267 406 2323 est.
451 2258 514 2333 Qur
536 2281 632 2346 quum
657 2269 793 2337 amatam
814 2257 1071 2346 Polyxenamtut
1090 2257 1123 2320 in
1145 2251 1256 2342 templo
1271 2302 1280 2315 ..

135 2341 298 2428 acciperet
320 2343 491 2425 statuisset,
511 2343 631 2410 insidiis
655 2343 781 2410 Paridis
802 2353 877 2431 post
897 2338 1044 2429 Apollinis
1060 2340 1279 2406 simulacrum·

93 2427 263 2494 utlotentis
290 2430 415 2494 occisus
438 2440 496 2496 est.
547 2429 641 2496 Unde
667 2429 743 2517 jure
765 2429 798 2494 in
819 2428 951 2513 Virgilio
971 2427 1110 2517 ¹Apollini
1131 2425 1254 2493 dicitm:

150 2528 153 2535 '
220 2511 398 2576 Dardana
415 2513 476 2599 qni
498 2515 647 2579 Paridis
664 2513 798 2578 direxti
818 2513 889 2579 tela
912 2524 974 2581 etc.

136 2597 278 2662 direxisti
304 2598 448 2678 ridelicet
486 2600 576 2687 qnasi
608 2598 649 2664 ad
681 2598 786 2665 locum
820 2597 1054 2665 vulnerabilem.
1109 2589 1255 2660 Dardana

10 2702 66 2739 -·-···.
137 2705 212 2748 vero
234 2681 324 2763 ideo,
364 2695 398 2750 nt
426 2681 459 2748 id
493 2684 572 2750 dens
595 2706 659 2748 non
691 2683 836 2753 adultero
858 2683 918 2750 sed
947 2684 1036 2771 genti
1066 2679 1280 2769 praestitisse.

72 2823 75 2830 .
139 2766 295 2834 rideatur.
354 2770 505 2856 Pingitur
535 2769 634 2850 enim,
667 2768 754 2856 quod
781 2769 923 2873 A'polline
951 2777 1081 2837 tenente
1110 2766 1204 2832 Paris
1219 2763 1254 2827 ‘in

96 2861 214 2919 (locum
236 2852 300 2919 tela
324 2853 482 2920 direxerit.
535 2856 622 2920 Sane
642 2852 726 2920 idem
747 2854 859 2936 Paris,
887 2866 923 2921 ut
943 2853 996 2920 bic
1015 2853 1112 2943 paulo
1134 2844 1254 2937 evagari

140 2938 321 3012 videamur,
352 2938 530 3006 secundum
550 2940 671 3006 Troica
694 2940 833 3007 Neronis
856 2940 1044 3007 fortissimus
1068 2939 1149 3017 fuit,
1180 2934 1253 3002 adeo

139 3036 175 3089 ut
192 3024 223 3087 in
239 3023 361 3112 'Projee
379 3025 507 3111 agonali
523 3026 696 3092 certamine
712 3049 784 3091 cum
801 3026 867 3093 aliis
888 3027 1033 3092 omnibus
1046 3026 1152 3112 ipsum
1169 3020 1253 3103 etiam

140 3112 317 3176 Hectorem
332 3122 509 3198 superaret.
553 3113 615 3189 Qut
630 3133 727 3199 quum
749 3114 848 3180 iratus
865 3112 983 3178 ineum
998 3110 1176 3195 stringeret
1192 3102 1254 3193 'gla-

141 3195 239 3273 dium,
263 3193 340 3262 dixit
353 3219 390 3261 se
401 3219 474 3265 esse
486 3218 685 3283 germanum,
704 3196 791 3285 quod
805 3197 904 3264 ellade
919 3193 1100 3286 crepundiis
1112 3189 1255 3281 proburil.

100 3288 136 3367 ild
227 3281 280 3346 25.
322 3281 405 3356 Quia
424 3304 499 3348 vero
520 3283 630 3349 Protei
650 3284 796 3370 superius
825 3284 956 3349 fecimus
987 3281 1196 3360 mentionem,
1221 3272 1277 3349 lt.

116 3366 120 3373 ’
143 3389 182 3431 eo
207 3364 325 3453 uliquid
346 3366 519 3434 dicamus·
551 3368 677 3436 Dicitur
697 3369 865 3457 quodnisi
888 3367 1005 3455 ligatus
1027 3366 1183 3454 responsa
1200 3378 1256 3427 nou

75 3524 78 3529 ,
142 3453 250 3519 dabat.
295 3452 395 3540 Cujus
416 3453 463 3516 rei
486 3453 693 3539 figmentum,
727 3454 991 3535 mansorius,
1024 3451 1189 3542 physicam
1209 3468 1257 3517 ru·

143 3537 214 3603 lunt
241 3537 362 3603 babere
399 3538 562 3605 rationem.
617 3541 728 3605 Habet
755 3541 855 3618 enim,
890 3540 1010 3629 inquit,
1040 3538 1139 3604 bomo
1170 3533 1203 3601 in
1226 3552 1257 3599 re

143 3619 313 3703 libidinem,
335 3621 506 3704 stultitiam,
529 3623 727 3692 ferocitatem
747 3635 781 3691 et
802 3625 919 3692 dolum.
963 3625 1056 3700 Quae
1077 3621 1156 3691 dum
1175 3620 1206 3686 iu
1223 3638 1258 3685 en

104 3709 263 3793 levigent,
285 3731 360 3794 pars
375 3707 435 3786 illa,
458 3731 521 3797 qua
533 3710 650 3777 vicinus
673 3719 723 3777 est
743 3709 904 3790 divinitati,
925 3732 987 3776 non
1005 3720 1151 3796 apparet,
1170 3706 1203 3773 id
1217 3712 1273 3771 ert·

147 3791 326 3879 prudentia,
347 3804 514 3880 quaetune
522 3806 629 3881 potest
643 3818 716 3862 suas
730 3796 810 3862 vires
825 3808 946 3878 tenere,
966 3819 1066 3898 ryunm
1084 3791 1200 3861 luerint
1215 3788 1272 3857 ills-

115 3946 119 3951 ,
148 3876 294 3963 religata,
312 3878 344 3943 id
364 3890 424 3959 est,
445 3896 542 3967 quum
563 3881 633 3969 quis
645 3881 789 3949 omnibus
800 3882 938 3949 caruerit
961 3880 1048 3947 vitiis.
1090 3876 1273 3949 Incerto:

150 3973 235 4051 teum
246 3972 323 4028 tuno
331 3965 465 4051 legimns
474 3988 568 4053 posse
576 3964 736 4033 vaticinari
745 3969 945 4056 etsuscipere
954 3966 1158 4045 divinitatem,
1173 3982 1259 4053 quum
1270 3996 1276 4049 j

117 4046 287 4133 ,religata
318 4049 349 4113 iu
379 4073 418 4115 eo
445 4050 548 4127 ¹sueri-t
577 4052 764 4139 cupiditas,
781 4053 929 4120 silvestris
958 4052 1131 4140 asperitas,
1163 4048 1258 4138 lnpeut

110 4133 263 4211 stanton,
301 4156 452 4220 equarum
483 4137 677 4206 mutabilitati
705 4139 880 4205 enndmilis.
934 4137 1017 4203 Num
1040 4149 1078 4203 et
1094 4135 1259 4203 secundum

113 4237 117 4243 ·
144 4217 287 4287 tarbulam
310 4222 427 4311 (quam
449 4221 481 4290 in
502 4229 630 4310 quarto*
649 4225 822 4314 Geogioon
842 4223 885 4293 de
906 4245 945 4291 eo
966 4223 1119 4310 legimus:
