2684 4606
323 169 539 272 ,nryrnoffs
572 171 604 244 1.
654 114 911 251 sur-..rra
1152 178 1206 253 aa
1269 128 1272 133 ’

210 386 216 401 =
321 440 325 449 Ι
435 354 529 431 107.
582 359 830 460 Neptunus.
863 346 875 471 'x

68 510 72 519 '
151 502 324 591 Neptunus
363 502 468 572 dictus
507 504 597 593 quasi
630 502 745 570 'nube‘
769 515 915 583 tonans,
961 524 1055 598 quem
1087 494 1228 578 Graeei'

61 589 264 660 Ποσειδῶνα
286 602 417 670 vocant,
441 590 553 659 tertius
572 600 732 679 potestate
750 614 769 657 a
785 591 866 657 Jore
884 606 917 659 et
931 594 952 660 J
955 618 1057 663 unone
1074 612 1207 685 propter

63 696 223 764 aquarum
245 673 445 743 elementum.
488 677 553 742 Hic
575 675 744 744 tridentem
765 677 851 743 serre
867 679 1028 767 pingitur,
1056 705 1096 748 eo
1118 682 1205 771 quod

14 796 17 801 ·
64 782 222 849 aquarum
257 773 372 827 natura
410 761 523 845 trilici
557 762 674 829 virtute
717 762 890 849 fungatur3
935 780 970 835 ut
1002 769 1044 851 sit
1076 767 1204 857 liquida,
1213 797 1231 845 5

63 846 224 925 fecunda,
246 846 403 932 potabilis.
484 849 535 913 uic
554 847 706 936 Neptuno
730 848 948 936 Amphitritem
968 852 1001 917 in
1024 852 1207 944 conjugium

63 932 237 1020 deputant:
270 926 358 1018 cipe-cpi
385 933 468 999 enim
491 934 620 999 Graece
641 933 758 1001 dicitur
781 935 1026 1020 circumcirca,
1057 962 1097 1005 eo
1119 939 1208 1029 quod

62 1018 213 1084 omnibus
241 1016 342 1084 tribus
369 1018 530 1086 elementis
560 1040 643 1106 aqua
670 1019 822 1087 conclusa
848 1019 896 1086 sit.
948 1020 1012 1097 Qui
1035 1023 1208 1115 Neptunus
1259 1054 1262 1063 ·

23 1122 27 1137 ·
62 1103 177 1171 habuit
206 1124 246 1167 ex
268 1103 394 1170 Venere
415 1105 512 1171 filium
532 1105 691 1195 Erycem,
717 1104 864 1186 Siciliae,
894 1116 933 1173 'ex
954 1108 1092 1199 Merope
1112 1115 1208 1202 Amy-

63 1212 156 1271 cum,
186 1188 420 1277 Bebryciorum
444 1211 567 1278 regem.
1213 1217 1249 1267 tu

415 1399 418 1403 ·
479 1374 573 1450 108.
627 1377 783 1452 Pluto.

149 1526 264 1607 Pluto,
287 1526 386 1592 irater
406 1522 493 1589 Jovis
515 1533 548 1589 et
568 1522 728 1612 Neptuni,
753 1522 869 1592 dicitur
889 1537 1046 1594 terrarum
1067 1531 1207 1617 praesul,

60 1613 140 1701 qnia
167 1615 314 1686 πλοῦτος
336 1613 465 1676 Graece
492 1607 641 1673 divitiae
672 1607 830 1677 dicuntur.
881 1612 980 1678 Hrmc
1008 1614 1059 1679 alii
1083 1618 1208 1684 Orcum

52 1698 199 1775 ''vocant‚
228 1697 319 1785 quasi
347 1704 556 1780 receptorem
582 1704 816 1769 mortuorum,
844 1699 921 1784 quia
951 1702 1090 1768 tenebris
1114 1703 1209 1785 abdi-¹

60 1798 132 1851 turn
160 1785 270 1849 inferis
300 1800 450 1884 praeesse
478 1777 619 1845 trudunt.
678 1779 785 1869 Hujus
814 1782 950 1869 pedibus
972 1785 1248 1860 Tricerberumto

28 1924 31 1929 .
62 1878 179 1937 canem
199 1869 386 1958 subjiciunt,
432 1864 496 1928 uod
516 1863 691 1931 mortalium
708 1864 891 1954 jurgiorum
911 1869 1047 1938 invidiae
1065 1876 1205 1942 ternario

59 1958 244 2023 conflentur
265 1965 367 2031 statu,
396 1887 430 2015 il
453 1949 678 2031 esthatnrali,
706 1951 842 2034 causali,
875 1955 1042 2025 accidenti.

185 2099 279 2215 thu.
330 2140 452 2213 Tres
482 2140 650 2257 Furiae
683 2141 756 2214 uel
789 2140 1081 2245 Eumenides.

143 2287 234 2353 Tres
262 2285 396 2365 Furias,
426 2284 528 2351 dietas
553 2284 768 2366 Eumenidas,
796 2286 926 2361 Plutoni
955 2286 1065 2356 dicunt
1093 2286 1203 2356 deser-

58 2372 138 2437 vire.
192 2372 336 2446 Quarum
366 2370 469 2459 prima
493 2370 604 2437 Alecto
635 2372 764 2438 Graece
791 2370 1038 2460 impeccabilis
1068 2372 1246 2457 diciturne

58 2457 260 2546 Tisiphone,
292 2455 324 2523 id
353 2467 402 2524 est
431 2458 584 2520 istarum
611 2478 695 2536 vox3
735 2456 908 2543 Megaera,
947 2459 1037 2546 quasi
1068 2482 1216 2551 magna„

30 2555 34 2563 '
57 2542 245 2610 conten-tie.
286 2543 362 2609 Hac
381 2564 443 2631 pro
464 2541 603 2607 crinibus
625 2540 744 2610 hahent
767 2564 900 2630 angues.

427 2728 518 2803 110.
571 2730 683 2803 'fria
711 2728 836 2849 Fata.

144 2879 228 2947 'Pria
250 2878 316 2947 lata
337 2877 434 2947 etiam
452 2876 581 2944 Plutoni
604 2875 772 2943 destinant.
815 2878 911 2942 Haec
925 2899 1056 2966 quoque
1072 2879 1202 2950 Parcae

56 2961 168 3032 (lictae
191 2986 252 3054 per
277 2963 491 3055 antiphrasin,
525 2961 613 3051 quod
643 2960 717 3026 nulli
743 2974 906 3049 percont.
957 2964 1074 3032 Clotho
1096 2967 1243 3046 columns,

24 3049 198 3141 “bajulam
239 3051 392 3119 Lachesis
425 3048 543 3128 trahit,
586 3056 722 3135 Atropos
752 3062 854 3115 occat
879 3052 881 3057 ’
910 3049 1028 3115 Clotho
1061 3053 1200 3133 Graece,

56 3136 177 3203 Latine
213 3135 328 3205 dicitur
359 3136 533 3215 evocatum
575 3132 752 3216 Lachesis,
790 3156 885 3214 cors;
925 3139 1082 3225 Atropos,
1125 3140 1202 3206 sirie

54 3222 190 3287 ordine.
862 3227 864 3232 ’

901 2794 913 2830 x
978 2827 981 2831 y
1008 2766 1009 2771 ¹
1126 2796 1131 2805 ι

113 3403 203 3478 111.
254 3406 372 3479 Tres
401 3406 635 3506 Harpyiae
668 3428 747 3477 seu
781 3402 1139 3502 Stymphalides.

147 3553 232 3619 'fres
271 3552 438 3640 Harpyiae
478 3551 510 3615 in
548 3551 656 3619 inseris
693 3553 806 3640 vigiliis
847 3551 1049 3640 deputantur.
1110 3556 1242 3626 Atilloau

58 3640 168 3726 cupit;
210 3637 296 3727 rapit
329 3639 496 3727 Ocypete3
540 3636 683 3704 Celaeno
718 3637 873 3705 recondit.
934 3639 1040 3718 Aello,
1082 3639 1116 3705 id
1149 3658 1200 3713 est

10 3796 15 3819 Ι
54 3723 377 3898 {affligam
398 3725 563 3813 Ocypete,
586 3723 620 3788 id
641 3734 691 3792 est
707 3725 815 3791 citius
836 3722 1016 3811 criscecum
1045 3725 1199 3812 Celaeno,

407 3969 497 4046 112.
551 3974 843 4072 Proserpina.

144 4121 389 4211 Proserpinam,
428 4122 557 4190 Cereris
590 4122 706 4202 filiam,
752 4130 881 4206 nuptam
917 4118 1025 4189 volunt
1057 4124 1245 4200 Plutonia,

23 4288 27 4303 Ι
58 4209 163 4276 Ceres
187 4210 269 4276 enim
291 4205 467 4298 gaudium
490 4206 623 4293 dicitur,
651 4220 685 4277 et
706 4217 757 4275 est
777 4205 845 4275 'dea
862 4204 1032 4277 humenti.
1067 4211 1223 4278 Proser-

743 4323 806 4394 ,t
