2684 4606
160 195 242 295 rao
409 197 592 301 nyuogr.
619 196 691 273 ιιι.
720 194 787 270 e.
843 191 1038 273 u-ra

162 384 228 451 dita
252 399 301 453 cst
321 385 468 451 vivacitas
489 383 620 461 mentis,
651 382 681 447 in
704 404 805 470 aegro
827 382 969 471 pigrior;
1001 381 1042 451 ,in
1064 378 1140 447 satis
1161 375 1300 445 invalido

162 472 255 537 etiarn
279 473 399 537 ratione
421 491 551 547 carens,
573 469 661 535 utin
684 469 875 557 phreneticis
896 468 1073 549 cernimus3
1093 465 1177 532 adeo
1199 486 1299 553 quum

162 555 203 621 ad
225 579 341 645 corpus
365 556 485 621 venerit
507 555 625 632 anima,
663 576 726 619 non
756 567 869 622 natura
896 577 955 622 sua
986 554 1102 632 utitur,
1140 551 1199 617 sed
1230 549 1298 638 ejus

184 642 312 708 ualitate
333 652 555 708 commutatur.
598 639 678 706 Inde
699 641 792 709 Afros
815 641 894 706 versi
918 640 1008 717 elles,
1036 640 1182 705 Graecos
1203 635 1297 715 leves,

138 666 272 793 altanus
296 728 445 815 pigrioris
468 725 609 792 videmus
639 726 775 813 ingenii,
816 665 916 814 quod
935 724 968 792 et
995 734 1110 789 natura
1137 722 1297 789 climatum

160 812 299 901 quadam
321 837 362 878 ex
386 827 478 901 parte
500 811 593 891 l'acit3
623 813 704 879 sicut
717 812 923 880 Ptolemaeus
943 808 1172 899 deprehendit,
1194 817 1296 876 trana-

159 898 258 965 latum
280 897 323 965 ad
345 897 430 965 aliud
453 896 544 964 clima
565 898 723 964 hominem
744 909 891 964 naturam
910 908 1036 964 mutare
1065 918 1103 961 ex
1136 904 1230 981 parte
1249 892 1296 961 di·

161 1006 254 1066 cens;
289 1007 330 1051 ex
359 994 429 1051 toto
458 982 543 1050 enim
569 1006 633 1050 non
665 994 787 1071 potest,
827 984 902 1073 quia
930 983 961 1048 in
992 981 1146 1070 principio
1175 990 1296 1047 sortem

160 1069 304 1159 corporis
322 1071 371 1137 sui
393 1069 527 1156 accepit.
579 1070 674 1157 Ergo
693 1071 797 1138 anima
818 1093 877 1160 pro
898 1068 1049 1222 ‹pualitate
1070 1080 1120 1134 est
1143 1066 1295 1155 corporis.

118 1178 153 1226 ιο
246 1157 295 1221 11.
340 1154 408 1223 Sed
438 1154 593 1222 occurrit:
634 1155 745 1230 Quare
771 1179 824 1224 res
856 1157 967 1223 meior
996 1156 1029 1220 in
1059 1162 1220 1242 potestate
1248 1162 1298 1218 est

159 1239 368 1309 deteriorisl‘
404 1245 508 1329 Atque
537 1240 658 1307 divinus
690 1243 813 1310 animus
830 1260 833 1267 ’
851 1241 979 1331 corpori
1009 1240 1135 1307 mortali
1167 1236 1295 1304 omnino

158 1350 326 1414 praeesse,
354 1349 417 1393 non
439 1349 555 1415 corpus
575 1327 710 1395 mortale
729 1340 875 1397 naturam
905 1327 999 1395 animi
1019 1326 1132 1393 debuit
1152 1346 1295 1393 corrom-

158 1402 246 1502 pdre.
289 1415 382 1495 Hoc,
412 1412 444 1478 in
469 1414 573 1492 uiant,
603 1411 677 1480 ideo
700 1415 760 1495 fit,
783 1415 860 1504 quia
887 1415 958 1504 plus
986 1424 1036 1481 est
1071 1411 1160 1500 quod
1194 1410 1294 1477 conti-

159 1511 232 1579 net,
259 1521 354 1588 quam
378 1437 678 1587 quod-continetur.
720 1499 766 1569 Ut
786 1500 871 1568 enim
898 1501 966 1581 leo,
993 1499 1031 1566 “si
1058 1496 1231 1565 includitur
1262 1496 1293 1563 in

117 1586 301 1664 toloneum,
346 1584 516 1674 impeditus
552 1585 612 1653 rim
646 1606 738 1653 suam
774 1608 838 1653 non
875 1586 997 1676 perdit,
1049 1582 1107 1650 sed
1142 1604 1295 1652 exercere

159 1694 222 1737 non
243 1681 367 1758 potest;
396 1671 583 1738 ita-animus
605 1670 637 1735 in
659 1671 803 1759 corporis
825 1672 898 1740 vitia
925 1692 989 1739 nou
1006 1670 1141 1751 transit,
1174 1666 1295 1735 sedes

159 1756 228 1845 ejus
251 1757 473 1847 conjunctione
497 1756 538 1823 im
562 1755 676 1837 editur,
698 1780 760 1825 nec
780 1780 870 1825 suam
893 1767 1022 1825 exercet
1042 1756 1113 1823 rim.
1143 1753 1296 1822 Occurrit

160 1865 298 1929 namque
326 1853 359 1909 et
385 1842 476 1908 illud:
556 1865 629 1908 mne
656 1842 745 1930 quod
774 1844 1003 1935 corrumpitur,
1036 1853 1205 1909 aeternum
1232 1860 1295 1908 non

158 1940 226 2009 est3
256 1926 314 1993 sed
339 1928 461 2017 animus
482 1928 713 2016 corrumpiturr
746 1928 999 1997 irascitur-enim
1019 1937 1053 1994 et
1075 1928 1209 2008 insanit,
1236 1924 1294 1993 de·

115 2013 279 2082 desiderat
306 2025 339 2079 ct
368 2014 476 2094 timet;
514 2024 604 2080 caret
640 2015 750 2101 itaque
788 2017 997 2096 aeternitate,
1037 2013 1088 2080 cui
1124 2013 1188 2080 ista
1218 2034 1294 2079 con-

159 2099 257 2166 traria
277 2109 370 2181 sunt;
407 2121 479 2166 nam
501 2098 607 2187 passio
629 2098 849 2169 aeternitatem
869 2102 1005 2170 resolvit
1046 2098 1137 2167 Huic
1164 2098 1293 2166 conclu-

128 2266 132 2275 ·
158 2185 236 2250 sioni
260 2185 339 2251 ratio
362 2186 563 2273 refragatur,
601 2187 674 2289 quia
695 2183 818 2254 animus
847 2210 908 2277 per
934 2211 989 2271 se,
1029 2183 1192 2276 inquiunt,
1220 2184 1295 2253 nihil

156 2272 294 2358 patitur,
335 2270 393 2335 sod
423 2293 462 2336 ex
489 2292 632 2359 corporrs
654 2271 779 2339 laborat
805 2274 1039 2367 conjunctione.
1087 2269 1183 2338 Aliud
1210 2272 1295 2337 enim

157 2368 223 2434 est,
265 2376 322 2442 per
353 2379 443 2422 suarn
476 2358 636 2445 corrumpi
666 2369 828 2443 naturam,
864 2360 968 2441 aliud,
1009 2379 1067 2447 per
1099 2357 1296 2425 contrarium

116 2444 205 2508 aurei
226 2440 364 2507 alterius.
408 2441 561 2510 Videmus
582 2443 667 2509 enim
686 2443 750 2511 tale
770 2445 887 2534 aliquid
908 2447 941 2513 in
959 2446 1108 2524 lucerna,
1151 2466 1216 2511 uae
1234 2463 1295 2531 per

156 2550 193 2594 se
224 2526 308 2592 clara
333 2538 400 2608 est,
436 2529 618 2612 etlocum,
646 2530 678 2595 in
704 2554 771 2634 pun
802 2544 868 2613 est,
905 2533 976 2600 sine
1005 2529 1102 2597 dublo
1129 2466 1294 2605 illuminat

156 2614 251 2688 Quae
273 2612 300 2678 si
321 2615 450 2701 quando
471 2626 612 2683 retracta
640 2616 736 2685 luent
758 2626 791 2683 et
811 2617 948 2701 inclusa,
980 2615 1087 2683 locum
1109 2613 1241 2703 quidem
1258 2613 1305 2695 it,

155 2698 310 2764 luminare
340 2698 471 2783 desinit,
511 2700 715 2790 splendorem
739 2714 846 2771 autem
878 2704 1042 2796 proprium
1078 2722 1141 2767 non
1171 2700 1295 2769 amittit

156 2783 296 2851 Remoto
327 2809 465 2875 namque
491 2787 734 2876 impedimento,
770 2801 912 2878 apparet.
968 2788 1042 2856 Nec
1074 2786 1186 2875 fulgor
1213 2785 1294 2877 ejus,

114 2871 300 2957 ooqnaunis
324 2872 512 2960 impeditus,
544 2873 616 2939 ideo
640 2874 735 2941 etiarn
758 2887 807 2947 est
828 2884 1010 2965 corruptus.
1051 2870 1103 2941 Ita
1121 2894 1206 2961 ergo
1227 2872 1296 2940 ani·

154 2979 244 3033 mue,
276 2957 439 3045 inquiunt,
471 2960 621 3049 quamdiu
643 2961 745 3029 estin
767 2982 922 3050 corpore,
958 2958 1050 3028 simul
1074 2958 1144 3048 ejus
1175 2958 1299 3048 patitur

157 3043 391 3143 contagionem.
435 3047 476 3112 At
506 3069 606 3134 quum
634 3069 753 3134 corpus
780 3046 983 3137 deposuerit,
1016 3043 1183 3134 antiquum
1209 3043 1295 3111 rcci-

107 3216 112 3223 ·
155 3138 202 3214 prt
224 3151 385 3213 ugorem,
413 3142 447 3198 et
463 3144 579 3199 natura
600 3130 698 3199 utitur
719 3135 858 3221 propria.
1039 3190 1043 3195 .

242 3217 292 3280 12.
336 3217 504 3285 Occurrit:
539 3218 576 3284 Si
597 3240 678 3305 ergo
699 3219 862 3307 propriam
883 3219 997 3309 recipit
1012 3228 1171 3298 naturam,
1190 3236 1295 3305 quara

113 3316 278 3388 tepoenas
299 3301 384 3391 apud
404 3305 522 3370 inferos
542 3304 684 3391 patitur?
736 3305 835 3385 Ideo,
866 3306 972 3397 ajunt,
1008 3302 1097 3394 quod
1125 3302 1201 3369 licet
1221 3323 1294 3369 cor-

154 3407 236 3473 pore
254 3385 420 3476 deposito,
451 3411 514 3455 non
536 3401 642 3455 tamen
664 3389 706 3455 ad
727 3391 860 3457 nitorem
887 3415 981 3460 suurn
1007 3389 1194 3471 revertitur3
1232 3408 1294 3454 nec

154 3482 273 3560 potest
315 3475 370 3542 Uti
391 3477 417 3543 si
440 3476 646 3562 margaritam
667 3474 853 3559 candidam,
881 3479 913 3544 in
934 3472 1293 3562 lutum-nussam,.pol-

153 3560 240 3638 luas,
269 3563 440 3649 statimque
458 3584 531 3627 eam
551 3559 625 3626 inde
647 3562 796 3644 aul'eras,
832 3585 894 3629 non
917 3564 1038 3632 idcirco
1067 3561 1218 3629 sordibus
1239 3580 1295 3627 ca·
1328 3580 1333 3598 ·

155 3658 220 3725 ret,
251 3645 309 3711 sed
331 3648 521 3716 ablutionem
543 3646 682 3733 requirit.
725 3649 782 3715 Sic
803 3662 835 3716 et
857 3651 1013 3730 animam,
1048 3648 1157 3715 adhuc
1177 3668 1295 3734 corpo·
1329 3705 1333 3719 .

112 3728 198 3806 roris
219 3734 414 3817 contagione
435 3733 655 3823 inquinatam,
680 3734 801 3801 etiamsi
823 3756 941 3840 ¹corpus
964 3736 1122 3825 deponat,
1158 3753 1222 3820 pur
1247 3732 1296 3797 ari

153 3826 414 3987 tpiprgepiupecesse
436 3830 505 3901 est;
535 3838 619 3907 quae
640 3833 779 3909 purgata
797 3821 906 3912 in'ciprt
928 3822 1042 3891 clarior
1068 3842 1152 3889 esse.
1230 3816 1320 3885 nde·-

177 4014 180 4019 ·
238 3985 358 4050 Donec
379 3988 487 4076 longo
508 3988 601 4068 dier,
627 3988 784 4077 perfecto
807 3992 971 4081 temporis
991 3989 1088 4069 orde,

239 4068 442 4136 Cbrreretam
460 4074 588 4139 exemit
609 4074 720 4140 labem

93 4152 226 4225 4⁵Irrde
245 4164 314 4231 est,
338 4158 428 4248 quod
451 4160 533 4227 aliae
555 4162 679 4228 animae
699 4162 840 4231 lunarem
861 4163 1031 4243 circulum,
1048 4161 1142 4228 -aliae
1156 4160 1293 4228 solarem

118 4258 187 4317 pro
207 4238 314 4306 modo
343 4248 565 4335 perfectiouis
593 4261 709 4322 tencre
743 4252 904 4323 dicuntur.
952 4250 1042 4318 usne
1068 4260 1103 4315 et
1123 4246 1292 4315 Palinurus

216 4467 259 4505 ..Ἀ
