2684 4606
480 156 780 256 'rroarumu
1122 196 1198 247 xvii

62 360 270 452 scriptorum
288 320 439 429 ¹casdeni
472 384 529 430 res
561 359 774 429 narrantium
796 380 970 428 ‘summus
1008 381 1199 432 consensus
1335 382 1340 397 ‘

62 462 166 533 ullam
187 456 296 531 babet
319 461 355 529 in
378 460 448 531 bac
473 456 675 558 quaestione
698 461 789 549 rim,
831 459 1053 530 Lactantium
1080 460 1208 533 Placi·‘

60 564 165 651 dum,
194 561 257 657 qui
282 558 502 658 Argumenta
524 558 851 655 Metamorphoseon
877 561 997 632 Ovidii
1023 573 1060 633 et
1084 562 1199 659 Sobo-

61 665 103 735 lin
119 663 177 735 ad
203 665 309 735 Statii
334 662 551 736 Thebaidem
578 675 613 734 ct
639 660 872 734 Achilleidem
900 663 1070 753 confecit,
1096 690 1200 738 nosse
1334 744 1337 749 ¹

59 777 218 867 oportet,
253 764 409 861 adeoque
430 777 508 863 post
533 764 721 836 Boethium
745 762 904 837 lloruisse
927 763 1107 861 probabile
1131 778 1197 860 cst,

58 894 142 940 num
168 866 262 938 idem
275 892 416 943 ,nomen
447 877 542 939 recte
566 865 757 958 tribuatur,
792 891 836 937 ex
871 864 958 938 sola'
974 868 1040 937 ista
1064 868 1200 966 epigra-

10 1032 13 1149 ,
59 968 267 1144 pilgiquac
287 970 324 1039 in
347 966 418 1087 line
439 967 520 1041 libri
546 967 689 1043 secundi
713 966 862 1069 legitur,
889 968 949 1041 vix
974 978 1086 1066 potest
1105 969 1200 1069 diju'·

10 1220 12 1305 l
160 1224 387 1297 Lactantium
414 1251 496 1298 vero
530 1224 716 1297 Placidum
749 1221 894 1297 secundi
926 1227 1040 1323 operis
1065 1223 1203 1327 mytbo·

59 1328 166 1427 logici
191 1338 370 1399 auctorem
397 1353 473 1398 esse
500 1329 696 1424 suspicatur
721 1322 866 1423 Majus,
902 1328 978 1401 solo
1006 1322 1209 1400 fabularum

10 1382 13 1491 l
61 1432 235 1503 consensu
261 1426 400 1501 ductus.
454 1427 509 1501 At
530 1426 590 1501 hic
615 1426 790 1500 Lactantii
815 1454 1008 1500 consensus
1035 1456 1106 1501 non
1132 1441 1203 1501 tam

10 1500 23 1557 ⁹
60 1530 106 1603 ad
128 1527 424 1632 mythographum
450 1529 642 1606 seeundum
662 1531 824 1627 pertinet,
849 1520 954 1628 quam
980 1529 1024 1601 ad
1053 1516 1203 1629 prinlum

59 1631 181 1725 illum,
233 1657 337 1729 quem
381 1632 566 1732 Hyginum
602 1643 729 1725 vocat,
782 1629 883 1730 cujus
915 1632 968 1704 rei
1000 1645 1205 1731 argumenta

60 1734 297 1809 commentarii
321 1736 429 1804 nostri
455 1735 540 1821 satis
565 1732 673 1804 multa
700 1730 886 1826 exhibent,
923 1734 1041 1832 itaque
1067 1733 1125 1806 hic
1149 1760 1204 1806 re·

59 1846 176 1934 petere
210 1833 295 1907 nolo
327 1860 418 1931 quiae
456 1834 530 1908 illic
568 1834 663 1907 ultro
704 1860 742 1906 se
771 1835 935 1906 offerunt.
995 1835 1038 1906 In
1081 1835 1206 1907 oculos
1328 1860 1338 1870 ·

10 1972 15 1995 ¹
61 1948 175 2009 autem
207 1937 375 2028 incurrit,
428 1949 613 2035 utrumque
656 1933 948 2034 mpthographum
976 1936 1032 2009 vel
1065 1936 1205 2011 eosdem

61 2038 173 2112 butes
201 2049 362 2111 secutum
395 2064 493 2130 esse,
530 2037 587 2108 vel
620 2063 683 2109 sua
716 2038 890 2110 derivasse
915 2036 1061 2110 alterum
1087 2066 1131 2110 ex
1154 2039 1205 2110 al·
1286 2120 1293 2139 x

61 2152 144 2213 tero.
200 2138 278 2211 Nec
302 2138 510 2237 Fulgentius
537 2164 620 2221 saue
637 2138 774 2236 utrique
793 2141 935 2237 ignotus
945 2138 1030 2211 fuit.
1084 2140 1205 2230 Quare
1270 2158 1276 2165 ‘

32 2239 117 2315 .lric
141 2243 248 2315 etiam
273 2252 347 2313 crat
383 2243 420 2313 iu
455 2237 648 2314 subsidium
677 2239 855 2313 vocandus
868 2270 879 2337 3
920 2238 1021 2340 cujus
1058 2241 1206 2315 subsidii
1276 2278 1284 2295 =

62 2368 232 2442 quaenam
257 2343 304 2415 sit
328 2346 437 2438 ratio,
468 2342 573 2442 paulo
596 2342 741 2415 inferius
770 2354 974 2442 exponetur.

159 2490 265 2583 Quae
289 2490 409 2586 lllajus
435 2488 620 2588 deinceps,
646 2490 828 2561 Harlessio
854 2487 963 2584 duce,
995 2490 1038 2564 de
1063 2491 1203 2584 Tollio,
1254 2508 1256 2515 '

64 2595 263 2691 utpote'qui
295 2591 588 2691 mptbograpbum
619 2591 810 2664 secundum
843 2593 881 2662 in
914 2592 1058 2683 aedibus
1092 2593 1209 2666 Isaaci

66 2693 202 2784 Vcssii,
244 2693 444 2767 Christinae
474 2696 670 2766 Succorum
709 2695 850 2797 reginae
873 2692 956 2768 olim
978 2694 1206 2768 bibliotheca·

65 2796 136 2890 rio,
174 2797 386 2892 inspexerit,
433 2795 607 2893 disputat,
651 2821 722 2868 non
760 2797 845 2866 satis
885 2808 1047 2869 accurate
1081 2797 1208 2869 tradita

65 2910 154 2971 sunt.
209 2898 352 2971 Etenim
388 2898 528 2971 Tollius
567 2897 626 2970 ille
661 2899 698 2969 in
741 2898 832 2969 notis
866 2896 912 2971 ad
953 2898 1208 2997 Palaephatum

67 3000 117 3096 (p.
154 2995 254 3099 142)
291 3001 356 3073 ait:
415 2999 595 3098 “Corrigo
634 2996 702 3098 (sc.
745 2998 851 3096 Fulg.
880 2997 931 3094 2,
965 2997 1016 3072 17
1087 2997 1207 3073 ,698

10 3158 16 3171 .
66 3099 183 3201 star.)
208 3126 254 3172 cx
278 3101 478 3200 mptltologo
504 3126 697 3199 anonymo,
722 3100 852 3172 inedito
874 3098 1002 3202 (myth.
1025 3027 1082 3174 ll
1109 3099 1208 3201 107)

10 3244 20 3290 f
68 3205 129 3275 riri
155 3201 372 3277 celeberrimi
399 3216 433 3277 et
457 3204 610 3302 egregii,
634 3203 749 3277 lsaaci
779 3202 913 3276 Vossii.
967 3202 1130 3302 Scriptor
1148 3202 1208 3277 ille

10 3350 22 3407 ›‚
68 3305 235 3379 recentior
248 3386 251 3393 ,
264 3316 317 3378 cst
353 3305 561 3404 Fulgentio,
600 3330 723 3403 aquo
750 3303 900 3397 multa,¹
925 3317 969 3385 at
998 3318 1034 3378 et
1065 3304 1205 3397 Servio,

10 3448 27 3495 ς
70 3404 252 3498 desumsit,
293 3407 403 3480 multo
433 3433 517 3480 vero
540 3408 715 3505 antiquior
748 3402 899 3480 Athrico
914 3414 917 3421 '
931 3406 1141 3506 philosopho
1173 3418 1210 3480 et

10 3553 29 3617 ᾗ
71 3511 172 3605 magis
192 3509 384 3599 Boccacio,
413 3511 473 3606 qui
498 3535 543 3580 ex
567 3535 609 3582 eo
632 3509 740 3582 multa
763 3519 846 3580 sunt
861 3510 1054 3582 -mutuati.'’
1107 3508 1209 3582 Idem

71 3606 201 3682 Tollius
227 3603 283 3709 (p.
309 3607 407 3711 156)
432 3636 453 3684 e
485 3609 661 3710 mptbogr.
697 3610 759 3702 11,
786 3605 867 3681 122
891 3609 949 3683 vel
973 3613 1015 3702 1,
1043 3609 1099 3683 15
1125 3625 1208 3710 sup·
1272 3686 1275 3695 ,

10 3758 37 3822 5,
73 3709 136 3804 plet
153 3713 274 3785 Servii
304 3711 420 3785 locum
455 3709 543 3811 (Ae.
571 3709 729 3812 6,14),
770 3722 810 3782 ut
833 3710 961 3810 legitur
989 3714 1027 3784 in
1060 3726 1209 3810 utroque

10 3833 41 3905 ,ᾗ
74 3810 184 3886 codice
207 3812 499 3913 Guelferbytanae,
523 3813 567 3887 de
592 3841 663 3912 quo
688 3813 793 3912 paulo
818 3825 898 3912 post
923 3841 1001 3885 sum
1027 3814 1207 3908 dicturus,

10 3927 43 4008 'w
74 3916 178 4013 ettp.¹
203 3913 322 4007 2111)Ὶ
340 3919 464 3991 recitat
495 3941 516 3989 e
552 3916 728 4018 mythogr.
763 3914 826 4009 11,
863 3910 944 3989 168
977 3913 1129 3989 fabulam
1165 3915 1209 3985 de
1334 3964 1337 3969 ·

76 4011 224 4108 Glauco,
253 4043 361 4113 quiam
395 4030 574 4116 comparat
599 4043 681 4091 cum
713 4017 817 4090 Serv.
858 4016 902 4089 ad
932 4013 1003 4090 Ac.
1033 4015 1083 4110 5,
1107 4015 1235 4101 8254

10 4170 48 4215 „
77 4112 159 4193 brus
182 4120 336 4217 denique
359 4121 575 4197 est'Tollius
611 4124 663 4218 (p.
690 4115 786 4217 ¹65)
810 4118 905 4218 apud
930 4120 1088 4192 eundem
1115 4121 1208 4194 Vos·

28 4238 50 4312 ,i
78 4216 152 4295 inm
176 4217 322 4297 Albuci
347 4221 467 4299 codiee
494 4221 604 4299 multo
628 4221 835 4324 integriore,
873 4245 980 4320 quam
1005 4223 1030 4295 ii
1051 4223 1207 4314 suerunt,
