2684 4606
273 182 457 287 uyuogr.
475 135 557 259 111.
611 146 697 261 us
728 183 917 297 ra-ra,
991 158 999 173 ’
1087 118 1221 269 uass

30 365 177 435 ciliorum
212 368 411 520 apparuerit,
456 367 605 447 ardorem
643 365 789 434 bellicum
824 368 1005 456 siguificare
1040 360 1183 460 putetur
1285 348 1313 405 s

28 455 198 523 oritmum.
272 454 305 519 iu
325 454 473 541 Juppiter
497 454 546 520 vel
567 456 674 529 Venus
695 464 807 520 coorta
828 455 943 539 fuerit,
973 457 1071 546 ipsius
1102 459 1168 526 rio·

27 540 159 611 lentiam
179 538 343 626 mitigare,
371 541 588 628 effectumque
608 539 769 605 annullare
788 541 940 609 creditur.
1123 558 1126 563 ’

116 627 169 691 11.
211 623 383 709 Romulum
399 636 431 691 et
447 626 586 692 Remum
599 625 667 690 e‘us
681 625 762 727 fingi
778 624 858 701 fillos
872 625 1007 704 constat,
1026 625 1100 713 qnia
1112 624 1168 715 riri

30 711 163 778 suerunt
189 710 339 778 bellicosi.
386 710 486 801 Nara
502 709 589 798 quod
621 732 687 796 upa
708 709 858 779 dicuntur
884 714 952 794 alti,
990 711 1193 780 labulnsumo

28 798 221 883 figmentum
242 807 291 863 est
312 793 354 861 ad
374 794 539 863 celandam
563 817 693 863 avorum
714 795 852 862 Romani
874 797 1003 885 generis
1032 799 1168 887 turpitu-

28 881 146 948 dinem.
189 881 262 947 Nec
283 882 462 969 incongrue
482 880 700 969 excogitatum
720 882 779 948 est.
825 882 909 949 Nam
922 897 963 955 ‚et
984 883 1168 951 meretrices
1269 885 1277 896 ’

28 971 71 1034 ab
97 967 322 1034 obscoenitatis
350 980 383 1034 et
409 965 518 1033 odoris
555 990 595 1034 ac
629 966 813 1055 rapacitatis
841 967 1043 1037 similitudine
1063 968 1169 1055 lupas

28 1074 199 1132 vocamus3
230 1053 373 1118 undeet
396 1053 434 1116 lu
459 1053 588 1117 naaria
608 1050 751 1118 dicimus.
803 1055 941 1123 Constat
966 1055 1029 1118 hoc
1054 1052 1169 1120 animal

28 1140 126 1205 etiam
148 1158 220 1204 esse
241 1137 274 1202 in
292 1136 392 1206 tutela
411 1074 544 1216 bllrtis3
572 1136 680 1225 picum
709 1137 803 1205 Marti
827 1139 1025 1217 consecrari,
1057 1139 1112 1227 qui
1133 1152 1166 1207 et
1175 1157 1211 1208 ιο

28 1224 106 1313 ipsis
127 1222 277 1312 expositis
310 1223 456 1288 alimenta
475 1221 722 1301 tulisse¹lertur,
739 1254 744 1263 ·
760 1224 833 1312 qnia
863 1205 945 1291 baec
972 1224 1036 1290 aris
1067 1225 1168 1290 'rostri

29 1309 176 1375 acumine
209 1306 294 1374 velut
327 1307 461 1374 lauceae
497 1305 630 1395 cuspide
661 1307 776 1457 'lingna
809 1310 977 1377 durissima
1011 1320 1167 1398 penetret.

27 1395 86 1460 Illa
106 1395 191 1460 enim
219 1392 262 1458 de
290 1393 370 1459 Pico
402 1414 486 1479 rege
518 1391 627 1458 sabula
651 1394 715 1457 nihi
760 1391 802 1458 ad
833 1395 918 1461 hanc
946 1417 1024 1460 rem.
1075 1395 1167 1462 lllum

28 1502 184 1568 namque,
217 1489 251 1545 ut
272 1479 336 1545 vult
358 1479 506 1551 Servius,
541 1476 656 1544 amarit
676 1478 839 1556 Pomona,
872 1479 906 1545 id
929 1492 979 1547 est
998 1501 1166 1568 pomorum

26 1565 109 1646 dea,
138 1565 271 1653 ejusque
306 1575 356 1630 est
383 1563 507 1651 sortitio
540 1562 743 1652 conjugium
773 1563 861 1652 quod
892 1576 998 1632 tamen
1030 1563 1209 1638 Ovidium

25 1652 58 1717 in
79 1649 343 1738 quartodecimo
365 1648 666 1739 Metamorphoseon
696 1648 739 1714 de
766 1649 916 1738 Nympha
943 1650 1070 1716 nomine
1099 1651 1166 1717 Ca·
1270 1712 1288 1737 ,-

27 1749 124 1803 nente
146 1734 315 1801 fabulatur.
356 1734 442 1800 Nam
462 1734 555 1800 aliam
576 1734 674 1798 luisse
695 1735 890 1815 Pomonam,
927 1738 1167 1824 Vertumnoque
1253 1762 1261 1768 ·

26 1823 173 1910 nupsisse
195 1819 302 1887 refert.
353 1819 474 1886 Postea
497 1820 595 1886 Circe
625 1841 722 1906 quum
751 1819 888 1887 eundem
908 1821 1022 1886 Picum
1043 1830 1168 1889 amaret

28 1900 303 1996 et'spe'rneretur,
332 1903 416 1971 irata
437 1926 510 1970 eum
531 1905 563 1970 iu
584 1926 673 1969 avem
695 1904 843 1972 Martiam
871 1908 1035 1991 convertit,
1078 1906 1164 1972 Nam

26 1992 125 2059 altera
147 2004 198 2057 est
218 1992 299 2077 pica.
340 1989 417 2055 Hoc
437 2003 543 2057 autem
565 1987 639 2081 idep
660 1990 810 2077 fingitur,
840 1993 913 2079 quia
933 1990 1033 2058 Picus
1056 2007 1208 2078 angurao

27 2079 102 2158 luit,
135 2077 257 2142 habens
279 2074 385 2163 picum
407 2098 514 2154 arem,
546 2094 721 2163 perquam
742 2075 849 2143 futura
878 2079 1051 2154 noscebat,
1080 2078 1164 2143 sicut

47 2162 223 2233 ontificales
243 2161 384 2226 indicant
415 2160 503 2241 libri;
540 2157 627 2225 unde
657 2171 690 2226 et
718 2161 830 2229 lituum
855 2172 981 2230 statuae
1009 2163 1089 2252 ejus,
1108 2160 1166 2229 dat
1242 2207 1245 2213 ,
1308 2190 1310 2197 ·

25 2188 80 2314 lit
108 2248 188 2314 ilius.
231 2247 292 2313 Est
307 2259 413 2314 autem
428 2245 523 2314 lituus
537 2245 685 2312 incurvus
700 2268 863 2334 augurum
876 2247 1018 2326 baculus,
1041 2269 1106 2333 quo
1121 2247 1166 2313 ad
1256 2291 1259 2297 -

26 2271 106 2401 caeli
119 2333 224 2423 spatia
244 2329 454 2419 designanda,
475 2354 516 2397 eo
537 2329 625 2419 quod
647 2353 744 2398 manu
760 2354 823 2397 non
843 2330 962 2413 liceret,
984 2335 1165 2399 utebantur.

25 2423 144 2488 Gertas
162 2417 247 2486 enim
266 2418 298 2482 in
321 2417 410 2483 caelo
423 2468 429 2477 .
443 2427 546 2484 metas
574 2416 744 2497 notabant,
775 2418 858 2484 intra
877 2432 964 2505 *quas
995 2417 1207 2484 volantiumsso

26 2509 128 2572 arium
142 2505 246 2571 omina
261 2502 509 2569 considerarent.
554 2502 682 2580 Circen,
703 2516 798 2590 quam
816 2505 988 2569 veneficam
1003 2504 1102 2568 fuisse
1116 2503 1165 2567 in-

26 2591 165 2670 ducunt,
186 2591 229 2656 ab
249 2612 289 2655 eo
317 2598 510 2655 contemtam
531 2608 623 2666 reor,
655 2589 730 2676 quia
751 2589 908 2656 veneficiis
929 2589 1165 2654 renuntiaverit.

108 2677 161 2742 12.
205 2676 273 2740 Res
294 2674 364 2761 ipsa
408 2674 546 2740 ustulare
568 2671 710 2752 ridetur,
745 2676 893 2761 quoniam
914 2672 956 2738 de
984 2674 1162 2761 auguribus
1276 2704 1278 2709 ·

25 2772 151 2849 tempus
174 2757 356 2838 admonuit,
376 2697 418 2824 de
439 2759 665 2848 superstitiosis
687 2781 847 2846 augurum
870 2760 1012 2847 ineptiis,
1035 2759 1110 2848 quia
1129 2760 1163 2823 in
1229 2767 1232 2772 '

25 2845 70 2914 bis
94 2852 214 2934 potitae
234 2867 472 2933 nonnumquam
492 2855 674 2922 versentur,
703 2845 771 2925 hic,
798 2867 839 2911 ne
862 2868 1013 2931 usquam,
1044 2843 1207 2931 aliquidue

25 2931 184 3010 delibare3
213 2944 248 2998 et
273 2932 349 3019 quia
372 2952 433 2995 nec
456 2953 566 2997 omnes
590 2931 695 2995 omnia
717 2942 850 3011 n'orunt,
881 2941 914 2997 et
934 2930 996 2996 boc
1016 2928 1163 3010 rudibus,

23 3016 54 3083 id
76 3029 129 3084 est
150 3017 249 3081 nostri
281 3015 450 3095 similibus,
489 3015 677 3104 opusculum
709 3014 853 3104 cupimus
881 3015 973 3083 altius
1000 3015 1163 3082 inchoare.

21 3101 136 3190 Magia
157 3102 255 3190 igitur
274 3101 488 3188 generaliter,
524 3110 562 3166 ut
582 3101 686 3189 ajunt,
723 3114 873 3189 accepta,
908 3103 1047 3204 quinque
1073 3123 1163 3167 com-

19 3188 171 3274 plectitur
195 3188 336 3274 species:
366 3185 524 3337 praestig?

17 3288 51 3342 et
71 3273 307 3341 matematicam
330 3294 451 3338 vanam.
481 3290 484 3295 ·
525 3272 675 3358 raestigia
695 3282 786 3352 sunt,
808 3295 946 3359 quorum
964 3272 1223 3361 plrantasticassv

15 3357 167 3426 illusione
188 3356 331 3446 deceptis
353 3357 497 3426 sensibus
518 3356 680 3436 humanis,
713 3358 914 3424 incredibiles
932 3380 1038 3425 rerum
1059 3368 1163 3423 muta-

13 3446 124 3513 tiones
147 3454 216 3530 arte
237 3442 446 3509 daemoniaca
473 3440 574 3508 videri
592 3442 757 3510 ¹videntur.
808 3442 905 3510 Unde
933 3445 1006 3532 quia
1039 3465 1091 3508 res
1116 3442 1163 3508 ita

10 3531 223 3618 phantastice
244 3530 428 3609 immutant,
459 3527 720 3625 praestigiatores
750 3529 955 3618 appellantur.
1004 3526 1163 3594 Maleficia
1242 3566 1266 3587 ..

10 3615 157 3684 malefici
195 3625 363 3693 exercent,
404 3612 458 3701 qui
488 3627 547 3701 par
570 3615 800 3682 incantationes
839 3613 1069 3689 daemoniacas·
1095 3613 1163 3679 sive

520 3209 557 3265 a,
578 3185 758 3272 sortilegia,
795 3187 964 3269 maleficia,
1003 3187 1166 3273 manticen¹
1288 3192 1298 3209 ‘

10 3698 209 3790 ligationes,
230 3699 279 3766 vel
298 3699 357 3767 alia
379 3697 559 3788 hujusmodi
580 3700 739 3788 sacrilegii
759 3721 902 3787 genera,
933 3697 1205 3811 cooperationelo
1325 3738 1328 3747 =

10 3789 213 3855 daemonum
237 3797 271 3852 at
293 3807 334 3851 ue
364 3784 516 3850 instinctu
548 3784 687 3854 nefanda
717 3785 925 3851 committunt.
982 3783 1162 3871 bertilegiis

10 3871 166 3959 sortilegi
186 3809 370 3950 intenllunt,
407 3869 461 3972 qui
491 3892 551 3957 per
577 3883 680 3940 sortes
714 3871 855 3937 divinare
874 3882 996 3954 queunt
1025 3869 1074 3935 vel
1093 3879 1163 3936 stu-

10 3959 106 4025 dent
149 3955 343 4024 Mantineia
371 3976 511 4043 qumque
537 3969 645 4043 partes
677 3956 833 4025 dividitur.
886 3956 996 4021 Prima
1030 3966 1079 4023 est
1105 3974 1163 4020 ne·
1178 3960 1205 4023 p,
1249 3972 1254 3981 ‘

10 4041 217 4122 cremantia,
255 4063 360 4130 qnae,
402 4052 438 4109 ut
465 4039 619 4127 legimus,
654 4043 883 4131 iuterpretatur
914 4041 1090 4106 divinatio
1122 4042 1171 4109 in¹

10 4127 186 4208 mortuis3
203 4123 319 4213 ωεκρὸς
340 4123 423 4192 enirn
445 4127 574 4193 Graece
592 4140 768 4206 mortona,
805 4120 955 4214 μαντική
985 4122 1204 4192 divinatioes

10 4214 146 4282 dicitur.
205 4212 281 4280 Hoc
310 4233 448 4300 namque
478 4210 676 4283 divinationis
706 4236 815 4306 genus
845 4232 906 4302 per
929 4209 1075 4279 buniam
1100 4226 1182 4271 saw
