2684 4606
139 151 229 230 rea.
425 152 609 255 nynegr.
637 150 690 227 11.
745 150 826 225 aar·
844 194 891 209 -
914 149 1009 228 rae.

137 340 196 430 ipsi
218 339 339 407 velleris
367 300 534 405 auferendi
561 360 603 405 ea
632 336 708 490 ¹⁹¹&
736 337 913 416 concessit,
949 336 978 404 si
1006 346 1132 419 tauros,
1149 336 1315 432 ‚iguem-n

138 425 267 495 neribus
288 425 453 501 efflantes,
487 424 542 511 qui
562 422 650 512 apud
700 421 809 491 olehos
829 421 1039 491 indomabiles
1064 433 1174 507 erant,
1209 426 1275 493 'nu-

138 533 238 599 gens‚
267 509 415 579 draconis
435 509 549 579 dentes
570 522 704 577 sereret
747 509 811 577 Oui
831 531 929 596 quum
949 507 983 575 id
1001 508 1131 577 difficile
1152 510 1181 576 vi
1207 535 1284 578 ere·-

73 612 210 678 aMur,
237 595 352 664 Medea
376 617 493 682 mega,
525 599 646 664 Aeetae
668 595 757 682 regis
778 594 858 674 lilia,
880 593 995 662 virtute
1014 595 1276 681 ciumdelcetets,

113 707 213 757 scum
242 704 340 771 quum
360 686 527 762 ramosa,
557 697 738 770 serpentem
770 681 959 760 incantavit,
996 693 1030 749 et
1061 682 1095 748 in
1127 704 1277 775 soporem

138 770 240 851 vertit.
290 770 396 845 Quem
417 768 523 836 statim
553 768 649 835 Iason
678 764 855 846 interfecit,
886 764 1019 856 ejusque
1048 765 1163 836 dentes
1192 770 1275 837 aeci-
1313 826 1318 851 ,

67 910 70 919 .
160 856 247 935 iens,
273 852 393 943 junctis
415 852 553 920 Medeae
574 854 694 921 artibus
715 852 831 933 tauris,
861 850 971 938 ignem
990 853 1119 921 neribus
1140 854 1276 925 efflanti·
1311 914 1315 919 .

136 879 216 1019 bus,
250 938 284 1005 in
310 963 459 1029 campum
490 938 613 1009 transiit
630 950 663 1005 et
691 939 779 1005 serit.
831 937 945 1005 'l'ertio
967 936 1019 1005 die
1040 950 1181 1008 armatos
1203 940 1276 1007 inde

139 1026 276 1095 surrexit
304 1027 480 1104 exercitus,
512 1026 566 1114 qui
592 1025 625 1090 in
646 1023 794 1089 Iasonem
828 1023 981 1125 impetum
1012 1025 1121 1093 feeit.
1151 1026 1276 1093 Deinde

98 1109 279 1180 1⁰Medeae
299 1113 421 1179 artibus
441 1112 473 1178 in
495 1134 532 1177 se
553 1109 749 1189 concitatus,
783 1121 899 1176 mutuis
931 1120 980 1177 est
1006 1110 1194 1180 interemtus
1214 1114 1276 1180 vul·

72 1278 75 1286 y
161 1198 278 1265 eribus.
331 1198 444 1279 lason,
486 1196 617 1265 victorie
654 1196 790 1282 potitus,
834 1195 970 1264 abietem
999 1195 1111 1284 pellem
1147 1198 1297 1267 revexit'

137 1221 265 1353 Meinde
300 1283 417 1350 Medea
450 1304 541 1361 eum,
583 1280 703 1348 relictis
738 1279 887 1361 Colchis,
923 1303 1061 1367 sequens
1091 1282 1211 1352 dicitur
1247 1285 1276 1351 iu

137 1366 260 1439 ltaliam
283 1369 481 1458 pervenisse,
515 1378 550 1435 et
570 1367 704 1458 populos
725 1365 899 1455 quosdam,
933 1367 1019 1433 circa
1041 1368 1202 1439 Fucinum
1224 1371 1276 1439 ba-

138 1457 275 1525 bitantes
295 1455 417 1541 lecum,
438 1452 580 1522 remedia
603 1466 716 1521 contra
737 1463 902 1540 serpentes
924 1452 1091 1535 docuisse3
1122 1477 1142 1521 e
1163 1456 1298 1544 quibus·

97 1542 236 1610 raetiam
256 1539 413 1629 Angitin
434 1539 594 1609 nominata
616 1551 682 1622 est,
720 1560 761 1606 eo
788 1536 876 1628 quod
908 1536 977 1628 ejus
998 1540 1194 1611 carminibus
1212 1563 1277 1611 ser·

137 1639 248 1718 pentes
267 1637 496 1716 ungerentur.
611 1707 619 1721 .

543 1816 640 1897 157,
698 1819 881 1898 Medea.

53 1946 56 1951 ’
145 2017 148 2021 ,
225 1951 322 2018 lason
343 1961 513 2055 postquam
534 1948 683 2016 Medeam
704 1950 737 2015 in
750 1948 922 2015 Graeciam
945 1942 1046 2028 duxit,
1067 1955 1101 2014 et
1122 1948 1277 2036 promisso

142 2036 202 2104 sibi
223 2038 374 2127 conjugio
397 2035 573 2125 copulavit,
605 2059 644 2103 ex
666 2035 770 2103 multis
794 2035 892 2100 rebns
910 2033 1073 2121 ingenium
1093 2033 1162 2115 eius
1185 2047 1277 2103 antea

100 2134 314 2214 wicpertus,
337 2121 465 2189 demum
487 2121 595 2213 petiit,
616 2135 651 2189 ut
672 2134 834 2210 parentem
859 2123 1017 2186 Aesonem
1036 2120 1072 2185 in
1093 2118 1287 2189 adolescere·-

138 2210 215 2277 tiam
235 2208 490 2277 transformaret
533 2210 575 2277 At
593 2206 654 2286 illa,
676 2207 818 2274 nondum
838 2228 948 2272 amore
970 2204 1093 2293 posito,
1115 2205 1278 2294 squemiu

139 2316 213 2361 eum
235 2294 364 2375 babuit,
397 2294 532 2375 herbas,
559 2316 693 2382 quarum
717 2294 863 2361 virtutem
887 2301 1039 2368 noverat,
1074 2288 1209 2360 diversis
1227 2314 1278 2359 re-

138 2380 288 2468 gionibus
342 2381 499 2463 ueesitas,
530 2380 634 2447 aheno
661 2381 855 2468 incoquens,
889 2379 1047 2444 Aesonem
1077 2375 1279 2448 interemtum

138 2461 318 2559 tepidisrjue
361 2466 445 2535 erbis
467 2467 569 2536 lotum
588 2466 621 2533 iu
641 2466 807 2557 pristinum
829 2465 973 2552 rigorem
996 2459 1133 2531 reduxit.

96 2740 133 2789 25
421 2688 516 2767 158..
567 2690 787 2765 Nutriccs
824 2639 994 2763 Liberi.

224 2818 326 2885 Liber
347 2831 438 2908 pater
459 2830 495 2887 ut
514 2815 735 2889 animadvertit
755 2817 887 2883 Aesonis
909 2825 1108 2883 senectutem
1128 2806 1285 2887 remediis-
1313 2840 1318 2859 ¹

138 2901 275 2971 Medeae
296 2905 476 2992 expulsam,
530 2904 615 2984 etiit,
647 2915 683 2970 ut
710 2902 864 2969 nutricess
883 2903 1007 2970 suasio
1028 2902 1308 2971 adolescentium:

138 2992 283 3091 vigorem
305 3002 452 3057 mutaret.
528 2989 596 3076 ojus
613 2986 759 3090 petitioni
780 2986 999 3068 consentiens,
1028 2987 1141 3055 iisdem
1175 3011 1280 3057 reme·

139 3075 217 3153 dira,
251 3075 365 3163 quibus
397 3088 429 3142 et
454 3077 559 3140 aeson
580 3074 853 3164 injurenescebet,
882 3073 992 3141 Liberi
1014 3074 1154 3141 nutrices
1177 3073 1212 3141 in
1232 3074 1298 3163 ἰιιΙ

97 3160 275 3241 30venilem
296 3161 440 3247 vigorem
459 3159 629 3248 redigens,
659 3160 780 3229 Libero
803 3173 968 3227 aeternum
990 3181 1102 3227 secum
1118 3161 1196 3237 ,ben
1241 3158 1284 3229 cil

141 3247 258 3336 pignus
280 3246 423 3313 firmarit.
466 3245 534 3315 Sed
556 3268 652 3333 quum
675 3269 746 3315 eam
766 3248 862 3314 lason
883 3270 899 3311 s
922 3267 1057 3323 emens,
1088 3246 1281 3336 superinde·
1305 3256 1317 3299 '·

138 3344 228 3399 ceret
248 3332 409 3411 Glaucen,
430 3330 525 3398 filiam
548 3331 715 3413 Creontis,
750 3330 868 3399 Medea
896 3269 986 3398 dedit
1007 3331 1108 3419 pellici
1126 3328 1308 3415 tunicam*

138 3417 265 3485 venenis
288 3429 321 3488 et
341 3416 411 3485 allio
432 3418 592 3485 inlectam.
642 3421 748 3494 Quam
770 3441 868 3508 quum
894 3416 945 3483 illa
970 3416 1135 3499 indueret,
1172 3421 1281 3509 eoepit
1314 3464 1317 3469 ·

52 3514 55 3519 '
139 3503 274 3570 cremari
292 3503 450 3570 incendio.
507 3504 603 3573 'l'nnc
629 3504 769 3585 Medea,
804 3504 942 3571 animum
964 3501 1087 3575 Iasonis
1109 3516 1289 3575 contram
1316 3536 1318 3543 ·

98 3588 308 3661 assuerientis
340 3611 402 3656 non
434 3590 608 3672 sustinens,
650 3591 715 3658 suis
743 3591 933 3679 Iasonisque
974 3591 1057 3659 netis
1091 3590 1286 3677 interemtis‚¹

140 3674 224 3743 alato
238 3686 389 3766 serpente
409 3675 544 3765 aufugit.
953 3704 956 3711 ·
1297 3682 1302 3693 “

539 3892 633 3969 159.
696 3894 889 3968 Partim·

160 3996 166 4005 ¹
223 4019 343 4091 Pontia
362 4021 510 4090 meretrix
531 4019 677 4090 Petronii
695 4019 759 4086 lilia
781 4020 858 4102 soit,
879 4041 963 4108 quae
984 4018 1064 4085 lilios
1083 4042 1161 4089 snos
1181 4044 1288 4112 pecu.

141 4105 214 4173 niae
233 4128 347 4186 eausa,
370 4120 406 4176 ut
425 4132 495 4176 eam
517 4107 652 4176 donaret
672 4104 836 4185 adulteris,
862 4104 1009 4172 vendidit
1052 4106 1147 4181 Quae
1169 4122 1284 4196 postes
1312 4116 1318 4133 '

100 4202 181 4261 sose
200 4192 300 4281 ipram
322 4192 479 4281 prodens,
505 4192 638 4281 largiter
658 4191 804 4282 epulata,
836 4190 943 4259 incisis
965 4189 1050 4257 venis
1066 4192 1169 4280 periit.
1315 4200 1318 4217 '
