2692 4606
364 174 559 279 amylum.
590 175 663 283 ru.
718 170 784 279 to.
838 152 885 251 n·
1122 140 1206 255 sei
1251 109 1259 117 ’

53 370 90 428 et
109 357 257 448 specialis
284 379 382 424 causa
402 355 548 423 Didonis.
599 356 644 423 Et
668 358 845 426 communis
870 356 934 433 hcc
953 357 1054 427 habet
1082 382 1206 433 seusus.

54 444 275 523 sacrificavit,
295 442 460 532 inquiunt,
486 443 590 531 primo
615 444 814 526 numinibus,
863 467 927 510 uae
946 445 1019 511 urbi
1039 462 1211 533 praesunt

54 531 150 620 quasi
173 540 311 618 nuptura
341 550 401 618 pro
421 529 469 609 rei
511 528 637 594 ublicae
658 529 810 608 utilitate3
841 467 963 596 lleinde
983 531 1120 616 Junoni,
1152 535 1205 602 cui
1288 539 1292 563 ¹
1321 536 1323 540 “

55 639 158 684 curae
188 626 265 684 sunt
296 617 434 704 nuptiae.
517 612 633 679 onnulli
662 622 769 681 tamen
798 614 891 682 altius
913 617 1061 684 sentiunt.
1116 619 1220 687 Nam,
1289 670 1292 685 .

56 701 193 783 facturi,
223 701 330 789 ajunt3
355 697 497 788 aliquid,
518 713 593 768 ante
616 699 768 768 adversos
787 701 952 790 placamus
972 700 1071 785 deos,
1101 715 1136 772 et
1156 707 1228 783 sice
1303 740 1306 745 ¹

55 788 214 877 propitios
234 786 438 865 invocamus,
470 795 522 852 ut:
1143 849 1146 860 ,

100 874 103 881 ’
144 872 305 959 Nigrcm
331 869 456 937 Hiemi
475 869 659 957 pecudem,
693 867 871 957 Zephyris
882 867 1055 958 felicibus
1072 871 1206 940 'albam
1257 920 1293 953 ,-

54 960 152 1046 Ergo
187 956 285 1023 modo
317 954 454 1045 nuptura
485 953 591 1043 placat
629 964 704 1021 ante
733 957 909 1035 Cererem,
957 978 1042 1045 quae
1073 970 1207 1048 propter
1283 954 1317 1018 a*

58 1045 146 1113 filiae
163 1066 200 1108 ra
224 1042 292 1109 tu'm
309 1042 435 1130 nuptias
455 1049 643 1120 execratum
670 1043 694 1105 A
719 1039 863 1125 ollinem,
885 1041 940 1127 qui
960 1057 1076 1129 expers
1097 1045 1206 1112 uxoris

58 1142 127 1211 est;
165 1066 339 1206 Iuliarum,
376 1127 430 1214 qui
454 1135 597 1213 raptam,
638 1134 675 1191 ut
698 1062 836 1212 legitur,
879 1126 1050 1217 conjugem
1083 1127 1248 1200 ducerem
1316 1214 1318 1219 λ

25 1238 28 1243 ·
59 1237 126 1281 uon
147 1213 267 1301 potnit3
304 1224 338 1279 et
358 1213 405 1278 sic
423 1211 591 1277 Junonem'
613 1209 769 1278 conciliat.
822 1210 905 1298 'Pale
933 1224 966 1279 et
991 1212 1068 1301 illud
1089 1215 1206 1304 Apolli·
1255 1269 1259 1278 ,

59 1301 108 1366 nis
128 1298 233 1365 Iulum
263 1299 295 1363 iu
320 1320 410 1364 ,nouo
442 1295 629 1399 alloquentis
655 1305 721 1375 est,
761 1318 860 1382 quum
891 1298 919 1364 is
948 1298 1096 1366 invocato
1124 1302 1208 1390 lore

56 1385 241 1452 Numanum
272 1384 390 1471 sagitta
421 1380 606 1448 occidisset:
651 1380 814 1445 Primam
841 1382 933 1445 hauc
962 1381 1030 1447 tibi
1051 1407 1206 1472 magam

55 1469 188 1558 Apollo
214 1469 372 1533 concedit
402 1466 553 1530 laudem.
605 1464 799 1532 concedere
831 1466 913 1531 enim
952 1488 988 1532 se
1013 1467 1088 1534 ideo
1116 1469 1205 1551 dicit,
1325 1489 1328 1493 ·

57 1555 136 1643 quia
167 1554 357 1640 sagittarum
391 1551 493 1625 deus„
509 1561 575 1631 est3
626 1560 659 1615 et
692 1548 766 1618 licet
799 1573 873 1617 eum
903 1552 1050 1639 Juppiter
1075 1554 1247 1643 juveritis

56 1639 170 1728 Apollo
194 1651 301 1706 tamen
321 1661 416 1705 suum
436 1634 573 1703 vindieat
595 1634 753 1717 cilicium,
781 1634 906 1718 diceus,
936 1661 972 1702 se
996 1641 1204 1724 concessisse,

56 1727 135 1814 quia
158 1747 221 1791 non
243 1724 413 1812 prohibuit.
455 1723 508 1788 Ea
529 1722 629 1801 euim,
650 1742 734 1806 quae
751 1722 793 1786 ab
815 1723 881 1789 aliis
902 1724 1083 1791 numinibus
1098 1727 1206 1814 posci·

31 1834 148 1891 xunus,
179 1821 257 1877 tunc
278 1810 464 1897 implentur,
498 1807 525 1874 si
552 1829 616 1872 non
638 1806 687 1872 alii
710 1806 754 1871 dii
784 1806 1012 1889 adversantur,
1046 1824 1080 1877 et
1133 1835 1205 1879 rae-

57 1898 153 1986 cipue
167 1897 209 1976 ii,
243 1907 440 1983 quorum'ea
461 1894 592 1981 propria
618 1903 700 1988 sunt.
743 1891 840 1959 Unde
862 1905 895 1960 et
918 1894 949 1959 in
972 1909 1087 1984 quarto
1105 1837 1203 1978 luno,

25 1982 102 2047 ‘de
122 1981 250 2048 Didone
278 1993 311 2048 et
339 1985 446 2046 Aenea
476 2001 595 2066 agens,
634 1978 751 2046 teneri
772 1978 833 2046 ait:
867 1979 1002 2058 Adero,
1030 1993 1065 2047 et
1086 1987 1247 2048 tucciae
1329 1992 1336 2047 ‚¹

55 2066 148 2133 milri
169 2077 266 2131 certa
287 2065 466 2140 velcantes,
495 2061 666 2127 connubio
688 2064 845 2151 jungam
874 2061 1018 2137 orabit}
1058 2067 1123 2135 hoc
1144 2080 1203 2150 est,

57 2151 148 2304 qpppd
169 2153 277 2217 inme
300 2162 364 2231 est,
396 2151 534 2238 jungam
556 2171 633 2231 eos;
671 2159 771 2216 restat
801 2161 836 2216 nt
863 2160 953 2218 tuum
977 2150 1052 2220 velis
1072 2154 1205 2244 implere
1252 2161 1256 2170 '
1287 2172 1290 2177 '

56 2261 78 2304 o
118 2260 211 2305 crum.

483 2449 550 2525 ll).
603 2452 775 2527 Pallas.
865 2388 869 2397 ·

145 2591 175 2655 1.
221 2587 391 2674 Maximam
412 2585 500 2653 Joris
523 2585 620 2654 filiam
639 2587 804 2655 Palladem
826 2587 941 2656 volunt.
997 2590 1094 2657 Hanc
1123 2590 1247 2673 belliue

57 2677 144 2743 hanc
172 2674 367 2763 sapientiae,
405 2671 490 2738 hanc
518 2674 658 2739 omnium
678 2675 811 2753 artium,
854 2686 890 2742 ut
911 2673 1045 2742 Ovidius
1074 2676 1153 2745 dicit
1174 2679 1205 2744 in

56 2762 139 2827 libro
162 2761 350 2838 Fastorum,
384 2756 478 2824 deam
500 2781 572 2825 esse
594 2759 712 2828 volunt.
754 2758 890 2835 Diversa
911 2761 1006 2828 etiam
1027 2763 1056 2827 ei
1078 2765 1206 2830 nomina

58 2846 247 2915 attribuunt.
289 2844 414 2910 Dicitur
435 2843 517 2909 enim
541 2844 655 2911 eadem
687 2846 748 2911 dea
770 2845 893 2924 Pallas,
928 2847 1089 2927 Minerva,
1129 2850 1207 2916 'Pri-
1262 2866 1281 2891 ·“

57 2932 166 3011 tonia,
196 2944 229 2999 et
251 2929 337 3019 apud
356 2932 502 2997 Graecos
521 2923 673 3083 'Adoptaui
715 2931 821 2999 Pallas
843 2933 942 3019 igitur
963 2934 1011 2999 vel
1032 2958 1052 2998 a
1074 2936 1205 3002 Graeco
1311 2955 1315 2964 ·

48 3017 187 3099 'dicitur
205 3015 366 3096 πάλλειν,
386 3068 390 3073 .
407 3014 440 3081 id
465 3026 514 3083 est
535 3017 576 3080 ab
628 3029 717 3083 astae
738 3019 976 3094 concussione,
1008 3020 1095 3102 quod
1118 3020 1248 3092 vide-ao
1317 3065 1319 3069 ·

57 3105 135 3171 licet
168 3102 246 3170 lacit
282 3101 364 3182 dea;
410 3100 476 3166 sive
506 3102 581 3190 quia
620 3101 797 3175 secundum
830 3103 990 3185 fabulam,
1029 3105 1205 3193 (ligantem

57 3190 235 3256 Pallantem
256 3187 354 3292 juxta
382 3187 513 3252 fluvium
541 3187 710 3254 Tritonem
738 3188 943 3255 interfecerit.
1006 3189 1103 3265 Quod
1130 3192 1205 3258 ideo

54 3277 147 3379 juxta
172 3276 356 3362 Remigium
379 3273 530 3360 fingitur,
574 3275 649 3359 quia
670 3273 834 3340 stultitiam
860 3274 894 3338 iu
922 3275 988 3342 luto
1019 3278 1214 3346 miserabilis·

58 3360 262 3450 ignorantiae
284 3360 447 3448 jacentem
466 3357 627 3427 interfecit
647 3360 810 3510 sapientia.
861 3359 968 3428 Pallas
999 3363 1095 3430 etiam
1115 3387 1205 3431 nova

58 3448 296 3535 interpretatur.
349 3447 394 3512 Sa
416 3445 513 3511 ientia
533 3445 618 3512 enim
638 3469 682 3515 nu
693 3445 757 3512 lum
782 3444 904 3512 senium
927 3447 1108 3538 nullamque
1129 3472 1247 3527 sen-35

58 3535 99 3602 tit
117 3534 316 3600 vetustatem.
341 3563 345 3568 ¹
370 3469 425 3597 Oi)
445 3527 480 3595 id
504 3529 608 3632 ipsum
638 3542 672 3599 et
689 3532 834 3598 Minerva
854 3531 917 3599 dici
938 3536 1071 3617 meruit,
1098 3534 1133 3601 id
1155 3548 1205 3605 est

57 3642 129 3684 non
150 3618 332 3684 mortalis.-
373 3616 447 3680 min
470 3638 553 3681 emm
574 3639 656 3700 non;
690 3640 773 3684 erva
802 3619 942 3691 mortalis
969 3620 1205 3709 interpretatur.
1311 3680 1315 3686 ,

59 3704 154 3771 Idem
174 3718 268 3771 sonat
285 3697 438 3789 Ἀθηνᾶ.
482 3702 608 3770 Dicitur
636 3703 720 3770 enim
739 3698 880 3791 Ἀθηνᾶ
903 3705 993 3794 quasi
1015 3701 1206 3787 ἀθάνατος,

58 3789 92 3856 id
124 3799 176 3856 est
203 3787 423 3854 immortalis.
478 3787 636 3856 Tritonia*
656 3811 732 3855 vero
758 3788 850 3878 juxta
871 3791 1076 3878 Remigium,
1114 3795 1204 3883 quasi

59 3875 246 3954 Tritonoia,
276 3883 460 3960 nuncupata
482 3884 550 3956 est,
580 3874 614 3941 id
640 3887 689 3943 est
710 3886 812 3940 terna
833 3876 972 3941 notitia.
1015 3878 1246 3969 Philosophiae

59 3983 200 4047 namque
229 3959 383 4026 mentibus
411 3968 536 4032 tantum¹
556 3958 791 4050 cognoscendis
818 3959 1026 4044 laborabant,
1056 3978 1204 4035 creatore

59 4045 208 4115 videlicet
227 4057 261 4114 et
281 4055 429 4112 creatura
451 4056 484 4113 et
505 4047 625 4126 anima,
653 4070 749 4136 quam
769 4046 905 4113 mediam
922 4047 1129 4135 judicabant,
1161 4051 1205 4119 de

58 4154 125 4222 qua
146 4131 220 4199 alibi
240 4130 413 4218 tetigimus.
466 4131 657 4221 Fulgentius
688 4146 794 4202 tamen
816 4130 859 4197 de
885 4133 948 4199 hoc
970 4137 1097 4204 nomine
1117 4137 1204 4205 aliud

60 4216 172 4286 seutit'
220 4218 334 4284 'Pritou
364 4216 463 4301 euim,
499 4230 535 4286 ut
568 4242 665 4308 supra
701 4217 855 4302 diximus,
889 4218 995 4307 juxta'
1009 4244 1085 4288 eum
1112 4225 1203 4312 quasi
