2684 4606
391 166 591 266 -nyuoga
621 166 694 239 1n.·
748 163 788 238 a.
844 163 906 238 rr.
1023 222 1028 232 .
1105 136 1230 293 *noa

84 351 166 439 lapis
199 361 251 417 est
283 343 470 417 caeruleus·
489 351 638 417 mirabilis
676 346 844 434 variaeque
873 330 1026 430 naturae,
1060 349 1229 438 aliquando

83 435 281 515 nebulosus,
304 434 488 525 aliquando
527 458 642 523 purus,
671 444 706 498 ut
735 434 871 513 lluctns3
906 444 939 501 et
968 446 1020 501 est
1047 460 1230 525 purpureae
1310 480 1340 523 ,-

84 519 176 602 lucis,
220 523 340 589 narnris
355 545 429 588 cum
450 527 525 587 aere
546 521 661 587 mutari
683 517 836 597 rideatur,
847 529 894 604 ssl
909 520 1007 607 l'riget
1027 522 1059 587 in
1082 526 1139 588 ore
1154 547 1228 612 por-

85 619 182 674 tatus.
196 545 379 674 irritatur
391 607 560 694 Scorpioni
569 619 700 696 propter
712 603 791 670 illius
804 607 966 691 temporis,
982 605 1014 671 id
1026 619 1076 674 est
1088 609 1228 677 Novem-

84 692 162 774 bris,
180 692 322 760 colorem
337 692 535 760 nebulosum.
564 691 743 783 Crystallus
754 700 804 757 est
817 691 896 779 lapis
913 694 1253 782 eraquapr·aedura·o

85 790 154 858 tus,
197 777 272 845 ideo
297 802 354 845 ue·
373 803 396 846 a
450 778 530 844 laoie
564 800 680 845 nomen
711 777 859 844 sortitum?
904 776 990 844 Nam
1024 776 1230 858 κρύσταλλος
1281 814 1321 854 ,ec

87 866 219 930 Graece
252 802 390 952 glacies
420 800 546 930 dicitur.
602 862 800 931 Assimilatur
830 861 1025 948 Sagittario,
1050 851 1145 956 ‘quia
1187 891 1229 935 eo

87 971 216 1030 mense,
238 971 304 1038 quo
326 949 375 1016 eol
396 950 428 1014 in
450 949 628 1036 Sagittario
651 959 716 1027 est,
738 947 773 1013 id
793 959 843 1014 est
862 947 1056 1030 Decembri,
1092 976 1176 1040 aqua
1195 954 1229 1019 in
1313 989 1315 994 ·

86 1035 226 1120 glaciem
244 1034 375 1135 incipiat
396 1035 587 1125 exasperari.
636 1035 776 1119 Adamas
797 1033 877 1122 lapis
899 1048 948 1102 est
968 1036 1163 1120 insecabilis,
1195 1040 1229 1105 in

87 1121 266 1206 quantitate
296 1120 413 1188 nucleo
441 1121 608 1187 Avellanae
635 1120 796 1222 aequalis,
836 1130 946 1186 notae
975 1121 1158 1201 soliditatis,
1193 1137 1272 1196 ut1o

88 1205 171 1272 nulla
193 1206 240 1285 ri,
273 1218 410 1294 excepto
431 1207 553 1272 hircino
576 1227 751 1292 sanguine,
779 1203 904 1270 domari
923 1208 1033 1294 possit.
1075 1211 1228 1277 Attribni-

88 1301 139 1358 tur
159 1291 363 1381 Capricorno
407 1317 423 1359 r
468 1294 518 1359 ter
540 1291 687 1379 duritiam
721 1301 755 1357 et
785 1291 1001 1359 austeritatem
1032 1297 1149 1363 mensis
1170 1297 1228 1364 Jat-

85 1378 204 1457 nnarii,
242 1400 306 1463 qno
343 1317 406 1444 sol
460 1377 663 1466 apricornnm
694 1385 791 1443 tenet
846 1377 985 1465 Hydatis
1017 1379 1120 1448 fulvus
1149 1382 1229 1469 lapis

84 1473 133 1529 eat
157 1475 193 1531 et
214 1461 391 1544 rotundus,
426 1464 510 1530 intra
531 1486 567 1531 se
589 1463 709 1529 habens
731 1461 825 1526 alium
848 1461 1004 1548 lapidem,
1040 1467 1130 1556 cujus
1154 1490 1225 1533 cre-

83 1543 171 1635 pitus
192 1570 329 1615 sonorus
350 1559 415 1629 est,
443 1550 516 1616 licet
537 1549 681 1616 tinnitum
702 1547 786 1612 illum
808 1570 871 1612 non
893 1549 934 1613 de
954 1549 1079 1616 interno
1108 1552 1223 1638 lapillo,
1235 1582 1270 1632 15

82 1632 144 1700 scd
160 1634 204 1701 de
222 1635 356 1722 spiritus
379 1634 544 1723 cniusdam
565 1634 723 1701 interioris
743 1643 832 1699 motu
857 1656 930 1700 esse
951 1624 1087 1702 nonnulli
1113 1661 1226 1705 sanne-

82 1721 159 1786 rint.
202 1719 353 1786 Exsudat
373 1743 473 1808 aqua,
509 1722 554 1788 ita
574 1732 611 1787 ut
644 1721 782 1787 clausam
809 1719 842 1784 in
875 1742 914 1784 eo
941 1733 1035 1807 putes
1065 1723 1227 1792 lontanam

85 1805 339 1892 scaturiginem
362 1806 447 1872 unde
469 1817 502 1873 et
519 1810 559 1873 ab
585 1805 691 1892 ddum,
712 1804 745 1870 id
767 1814 948 1906 est-aqua,
975 1810 1228 1879 nomendioitur

82 1890 252 1958 meruisse.
297 1893 511 1980 comparatur
532 1891 671 1981 Aquario
693 1902 825 1978 propter
846 1892 957 1958 nrmias
978 1893 1116 1980 pluvias,
1144 1921 1227 1982 quae

82 1994 200 2043 mense
221 1976 423 2054 Februario,
456 1978 523 2045 sole
552 1979 724 2066 Aquarium
754 1982 900 2056 tenente,
931 1979 1086 2046 inundare
1114 1985 1269 2064 solenter,

83 2063 154 2128 Per
176 2061 347 2127 duodecim
368 2085 514 2150 gemmas
535 2086 675 2130 coronae
693 2062 864 2128 duodecim
883 2082 1013 2152 quoque
1035 2068 1097 2132 diei
1119 2070 1226 2154 horas,

83 2169 172 2236 qnae
195 2169 253 2236 per
274 2148 346 2214 solis
370 2172 500 2215 cursum
522 2149 777 2236 distinguuntur,
790 2158 793 2163 ’
807 2149 976 2235 accipiunt.
1018 2152 1115 2221 Unde
1137 2151 1204 2225 est:

96 2294 99 2301 ,
171 2259 456 2284 -s-—-'-—--
720 2234 833 2298 radica
925 2248 1102 2303 sacratum
1140 2260 1145 2268 ·

170 2320 238 2385 Bia
254 2321 354 2381 ‘senz's
370 2316 556 2405 perbibent
583 2330 690 2403 caput
704 2340 815 2382 aurea
835 2256 974 2383 lildrina
993 2319 1099 2402 ferre,

173 2403 276 2487 Quod
297 2404 441 2468 totidem
464 2405 617 2480 rn‘ertaea,
649 2404 793 2467 totidem
813 2402 1067 2490 quod-conficis
1087 2412 1201 2476 boras.
1230 2443 1268 2497 ²5

83 2488 186 2564 Quod
214 2510 303 2560 ¹vero
335 2487 377 2554 de
407 2487 569 2575 lapidibus
600 2487 658 2554 illis
692 2488 778 2554 aliud
816 2486 862 2553 rel
891 2490 1057 2576 mysticum
1080 2496 1225 2585 theologi

84 2575 135 2641 vel
154 2574 302 2642 naturale
323 2574 479 2641 senserint
498 2573 631 2662 physici,
652 2574 682 2638 in
703 2574 846 2662 ipsorum
859 2574 984 2660 scriptis
1004 2577 1223 2669 investigetur.

83 2661 139 2727 lle
160 2661 224 2729 hac
244 2682 363 2725 corona
383 2661 415 2724 in
438 2659 591 2747 principio
615 2659 803 2726 Thebaidos
825 2660 962 2726 Statius:
1327 2672 1330 2678 '

135 2750 142 2757 ’
172 2751 200 2815 Ι
218 2747 346 2809 retnis
367 2746 441 2809 alte
461 2745 661 2809 radiantem
683 2745 840 2811 crinibus
867 2768 989 2811 arcum
1092 2805 1103 2835 x
1133 2784 1137 2793 ι

170 2770 361 2918 Illilpl'lmdli
402 2864 622 2887 -w--n—
819 2890 823 2897 ,
1228 2858 1266 2907 30

173 2917 226 2982 11.
270 2916 358 2983 Sane
395 2913 470 3000 qnia
503 2913 596 2999 signa
627 2910 871 2994 nominavimus,
905 2913 949 2981 de
981 2919 1158 2986 nominibus
1191 2936 1224 2988 et

84 3003 264 3072 rationibus
301 2996 442 3089 ip'sorum
468 2997 560 3086 juxta
592 3011 735 3066 veterum
776 3000 964 3082 sollertiam,
1006 3027 1098 3091 quae·
1126 3005 1223 3072 stellis

83 3110 238 3158 nummos
259 3095 292 3154 et
311 3086 439 3152 nomina
457 3083 550 3164 lecit,
580 3107 643 3150 non
665 3083 775 3152 inutile
788 3085 931 3153 ridetur‘
946 3112 1050 3191 pauca
1071 3093 1223 3179 perstrin-

84 3197 177 3265 gere.
221 3173 388 3261 deprimo
408 3168 591 3249 sciendum,
614 3173 707 3259 signa
730 3173 798 3258 ipsa
819 3172 894 3239 nihil
916 3174 1000 3241 alrnd
1021 3199 1103 3256 osse,
1125 3200 1221 3265 qnam

86 3272 177 3329 certa
208 3260 288 3326 caeli
317 3258 419 3346 spatia
449 3279 490 3321 ex
527 3256 688 3324 stellarum
716 3257 875 3344 positione
907 3273 940 3326 et
972 3261 1101 3341 ordine,
1141 3265 1263 3339 mirans
1306 3316 1310 3329 ,

85 3347 205 3415 astrolo
232 3367 324 3413 orum
356 3343 534 3432 sa'gaoitate
565 3341 754 3430 quibusdam
779 3345 868 3430 quasi
894 3343 1042 3415 limitibus
1070 3348 1220 3415 determi-

84 3445 169 3500 nata.
243 3444 391 3517 ostquam
415 3429 497 3513 enim
517 3427 735 3516 frequentibus
765 3428 986 3521 diuturnisque
1017 3434 1128 3523 vigiliis
1149 3457 1220 3501 cer-

84 3530 149 3586 tam
175 3517 256 3587 caeli
285 3517 452 3601 regionem
483 3512 689 3595 dinorerunt,
722 3538 819 3618 quam
846 3516 893 3611 sol
921 3520 967 3586 ita
993 3542 1098 3588 annua
1125 3542 1218 3609 pera-
1282 3585 1287 3589 .

84 3605 234 3693 gratiane
254 3603 452 3679 transcurrit,
474 3609 511 3665 ut
532 3599 574 3665 ad
589 3600 865 3690 septentrronalem
880 3627 1051 3694 numquam
1067 3608 1219 3674 verticem

85 3689 258 3770 ascendat,
289 3688 332 3754 ad
354 3685 523 3754 australem
543 3708 715 3775 numquam
737 3687 898 3755 cardinem
920 3691 1111 3773 descendat,
1148 3693 1261 3782 ipsato

84 3775 252 3845 latitudine
293 3775 417 3840 duabus
449 3770 653 3854 altrinsecus,
699 3785 734 3839 ut
764 3772 904 3857 ridetur,
953 3777 1043 3845 lineis
1069 3774 1218 3855 limitata,

85 3861 315 3951 longitudinem
352 3861 462 3935 etiam,
500 3855 532 3922 id
567 3868 616 3925 est
653 3858 737 3924 illum
766 3859 844 3929 caeli
881 3865 1050 3944 ambitum,
1089 3866 1121 3929 in
1153 3866 1218 3932 XII
1333 3898 1341 3915 κ

85 3964 190 4036 partes
234 3947 378 4012 divisere.
439 3947 546 4021 Quos,
588 3956 624 4011 ut
656 3944 789 4031 legitur,
835 3949 1006 4017 subsecuta
1037 3953 1215 4039 posteritas,

86 4035 186 4120 primo
210 4043 319 4121 partes
335 4031 404 4101 illas
437 4028 629 4118 generaliter
657 4032 749 4116 signa
779 4033 953 4120 appellavit.
1006 4037 1078 4104 Nec
1105 4040 1215 4105 incon-

84 4142 185 4207 grue,
224 4140 322 4208 quum
349 4139 407 4204 per
432 4116 562 4203 cognita
589 4116 730 4204 ipsorum
763 4119 865 4205 spatia
913 4122 1089 4201 stellarum,
1129 4147 1255 4213 quaere

83 4204 273 4277 immobilem
296 4202 456 4271 continent
478 4201 682 4290 positionem,
716 4214 748 4271 et
769 4203 843 4274 solia
863 4204 962 4296 ipsius
988 4231 1169 4297 processus
1187 4224 1227 4275 aa
