2684 4606
337 178 644 285 metamur..
676 180 716 256 o.
770 178 996 281 o-r.<·
1041 270 1044 279 ¹
1121 175 1200 251 arr

57 367 220 437 nonsatis
240 365 296 447 fit,
322 366 379 434 sed
403 390 530 456 semper
552 367 760 436 recrudescit.
803 366 885 434 Inde
907 365 1061 433 Horatius
1079 363 1200 429 iocou-

58 454 229 533 tinentis,
249 454 310 531 ait,
346 454 446 538 Tityi
464 458 580 544 jecur.
638 455 704 521 Hic
732 464 765 520 et
785 476 845 540 pro
866 454 1005 530 incesto,
1040 447 1127 539 quod
1157 451 1200 517 ri·

57 539 177 607 delicet
196 539 356 606 Latonam
381 539 423 604 de
445 538 558 627 stuprd
586 538 813 630 interpellarit,
848 536 934 628 apud
963 538 1082 603 inferos
1111 533 1200 602 dam-

57 637 157 693 natus
192 624 319 691 dicitnr.
360 623 454 692 Idem
480 625 652 692 Lucretius
689 648 749 713 per
783 647 860 703 eos,
902 646 1000 712 super
1029 644 1108 710 quos
1133 621 1201 709 jam
1230 682 1233 686 .

58 730 195 779 casurus
216 710 359 776 imminet
378 709 476 814 lapis,
501 711 542 778 irt
564 710 777 801 de'Pblegya
798 710 935 797 legitur,
964 708 1229 796 superstitiosum,
1273 742 1276 747 ·
1329 752 1333 759 -

59 797 119 863 dat
144 795 297 885 intelligi,
332 797 386 884 qui
416 796 549 863 maniter
583 820 710 886 semper
733 807 905 874 serentur,
945 806 978 862 et
1007 794 1049 860 de
1078 793 1137 859 diis
1170 804 1203 858 et

57 882 279 971 superioribus
300 881 392 947 male
425 883 602 971 opinantur.
645 885 730 950 Nam
762 882 901 969 religiosi
934 893 1025 957 sunt,
1069 881 1122 967 qui
1143 901 1201 967 per

59 968 270 1035 reverentiam
299 968 420 1049 timent
467 967 562 1034 Unde
584 980 617 1037 et
644 970 698 1036 hic
728 969 879 1057 templum
903 967 1049 1054 Apollinis
1071 967 1202 1032 snbver-

59 1052 159 1122 tendo
181 1076 319 1143 poenam
341 1053 423 1120 illam
445 1055 578 1143 fingitur
609 1054 773 1123 meruisse.
814 1055 883 1120 Per
904 1076 982 1133 eos,
1015 1051 1067 1142 qui
1091 1073 1216 1139 saxum

60 1140 206 1221 solvunt,
237 1152 275 1208 ut
296 1138 475 1228 Sisyphus,¹
505 1140 657 1221 ambitum
681 1141 747 1209 vult
770 1151 802 1208 et
832 1138 990 1228 repulsam
1018 1136 1247 1225 significarim,

60 1228 135 1314 quia
156 1247 285 1315 semper
304 1225 421 1315 repulsi
442 1227 631 1314 repetitores
660 1227 781 1295 ambire
802 1236 875 1291 inou
908 1224 1065 1291 desinunt
1110 1221 1205 1289 Unde

60 1323 96 1378 et
116 1311 275 1402 Sisyphus
303 1333 363 1398 per
389 1311 588 1379 latrocinium
617 1335 754 1400 poenam
775 1311 857 1379 illam
879 1310 1050 1377 incurrisse
1072 1332 1134 1376 non
1156 1310 1204 1375 iu-

61 1396 293 1484 congruedici
315 1395 448 1464 ridetur.
491 1397 651 1466 Latrones
679 1398 782 1479 enim,
811 1397 886 1464 licet
906 1419 1004 1483 saepe
1026 1395 1203 1483 pericliten-

61 1494 133 1564 tur,
169 1485 211 1550 ab
233 1484 398 1571 iniquitate
431 1494 538 1550 tamen
569 1506 632 1551 non
659 1483 831 1552 desistunt.
883 1481 950 1548 Per
977 1504 1053 1561 eos,
1090 1480 1202 1569 quiin

60 1580 150 1649 rota,
181 1581 218 1637 ut
238 1568 348 1648 Ixion,
381 1579 542 1647 rotantur,
574 1571 793 1657 negotiatores
814 1567 972 1648 ostendit,
1026 1569 1056 1632 ui
1077 1583 1246 1652 sempertu

60 1655 306 1744 tempestatibus
336 1655 579 1743 turbinibusque
610 1657 783 1722 volvuntur.
839 1652 943 1723 Unde·
962 1591 1122 1731 etlxion,
1152 1653 1205 1738 qui

62 1739 220 1809 e'usmodi
242 1762 378 1829 poenum
400 1740 530 1821 meruit,
568 1763 689 1845 reguo,
727 1754 762 1809 ut
782 1738 936 1820 diximus,
969 1739 1057 1829 prins
1078 1738 1206 1818 ditatus,
1314 1794 1319 1801 .

63 1765 182 1894 deiude
206 1825 373 1915 expulsus,
405 1838 439 1894 et
458 1849 519 1915 pro
541 1826 645 1914 gloria
667 1828 765 1932 priori
785 1826 990 1915 ignominiam
1012 1847 1125 1914 passus
1147 1835 1207 1890 est.

147 1912 181 1982 6.
203 1913 278 1979 ‘De
309 1910 359 1978 his
396 1921 503 1979 tamen
531 1912 715 1982 Macrobius
747 1911 908 2001 aliquanto
945 1909 1100 1978 dissentit
1154 1909 1207 1976 Ait

64 1998 147 2065 enim
164 1998 259 2087 juxta
280 1995 435 2086 quosdam
465 1998 688 2088 philosophos,
721 2000 876 2066 snlturem
904 1997 999 2086 jecur
1029 1994 1251 2063 immortaleao

65 2082 253 2152 tundentem
275 2105 394 2172 pravae
417 2084 633 2152 conscientiae
652 2107 726 2153 sese
747 2085 866 2173 ‘ugiter
886 2082 1064 2150 damnantis
1086 2082 1208 2169 siguifi-

64 2192 141 2237 care
163 2180 324 2238 tormenta
344 2169 419 2256 lege
438 2169 519 2252 hac,
556 2193 620 2259 qua
642 2195 679 2238 se
693 2110 806 2262 judice
835 2191 931 2236 nemo
954 2191 1072 2236 nocens
1104 2166 1208 2234 absol·

65 2258 166 2337 ritnr,
203 2279 265 2321 nec
286 2256 328 2320 de
359 2279 396 2320 se
416 2278 508 2323 suam
523 2268 640 2407 potest
661 2257 759 2324 uitare
787 2255 987 2324 sententiam.
1037 2256 1104 2333 Ait,
1141 2251 1209 2341 illos

64 2341 163 2409 radiis
184 2354 326 2408 rotarum
349 2340 492 2427 pendere
547 2341 702 2425 istrictos,
748 2344 802 2431 qui
823 2340 902 2407 'nihil
935 2338 1064 2405 consilio
1087 2339 1209 2426 praevi·
1290 2367 1296 2381 ·

66 2426 200 2507 dentes,
232 2427 305 2492 nibil
327 2427 450 2492 ratione
472 2426 692 2509 moderantes,
720 2428 796 2505 nihil
814 2426 979 2495 virtutibus
1003 2425 1253 2514 explicantes,aa

66 2535 101 2580 se
125 2525 161 2579 et
181 2525 273 2580 aetus
295 2534 370 2579 suos
392 2535 503 2580 omnes
527 2513 675 2582 fortunae
695 2514 897 2616 permittunt,
932 2511 1123 2613 casibusque
1145 2511 1209 2574 l'or-

65 2598 154 2666 tuitis
175 2620 303 2685 semper
323 2608 478 2665 rotantur.
529 2600 652 2667 Saxum
674 2599 752 2669 dicit
780 2600 895 2685 ingens
916 2596 1040 2662 volvere
1065 2596 1209 2663 mellica·

67 2686 158 2751 cibus
186 2685 419 2772 laboriosisque
447 2684 613 2753 conatibus
650 2687 744 2754 vitam
777 2695 927 2753 terentes.
994 2682 1083 2748 Dicit
1113 2683 1210 2765 etiam

67 2782 173 2839 atrum
204 2771 324 2838 silicem
357 2793 485 2858 semper
517 2771 678 2859 lapsurum
710 2783 743 2838 et
771 2770 899 2838 cadenti
928 2767 1059 2834 similem
1087 2768 1210 2834 illorum

66 2856 227 2946 capitibus
248 2856 504 2946 imminere,an
525 2864 652 2946 semper
672 2857 845 2944 dignitates
867 2868 900 2924 et
922 2853 1038 2920 arduas
1058 2855 1254 2927 utl'eetantas

66 2952 244 3045 potestates
266 2963 439 3030 numquam
470 2942 538 3009 sine
562 2944 677 3011 timore
698 2945 829 3026 victuri;
867 2939 921 3031 qui
948 2951 1104 3042 cogentes
1136 2941 1213 3007 sub-

63 3038 186 3117 Jeetnm
208 3026 322 3117 vulgus
344 3026 451 3095 odisse
472 3052 509 3095 se
536 3027 613 3095 dum
634 3042 798 3110 metuunt,
816 3047 955 3117 ¹semper
981 3027 1040 3095 subi
1068 3026 1213 3093 ridentur

66 3114 209 3195 exitium,
238 3113 326 3202 q'uod
349 3124 530 3195 merentur,
550 3116 712 3205 excipere.
755 3116 839 3182 Nam
862 3114 904 3181 de
925 3112 1124 3193 Acheronte,
1146 3113 1213 3178 Oo-

68 3211 144 3290 cyto
165 3210 199 3267 et
221 3200 326 3352 Stygle
347 3222 420 3267 cum
441 3199 596 3268 Lucretio
618 3203 694 3271 satis
715 3200 800 3268 idem
825 3201 928 3269 sentit.
1118 3262 1121 3271 ,
1331 3282 1333 3289 Ι

139 3288 184 3352 i.
217 3285 291 3354 Let
314 3306 408 3353 acum
437 3309 512 3353 sero
538 3287 686 3368 flauum,
728 3288 783 3377 qni
818 3284 961 3362 oblivio,
999 3291 1035 3348 ut
1064 3279 1253 3359 dirimente

67 3370 314 3474 interpretetur,
345 3369 419 3438 nihil
441 3370 528 3441 aliud
550 3371 613 3440 dici
633 3373 749 3454 innuit,
784 3393 880 3462 qnam
908 3390 1051 3437 errorem
1074 3368 1213 3443 animae,

67 3457 282 3525 obliviscentis
303 3458 503 3547 majestatem
524 3459 639 3547 prioris
659 3461 759 3532 ritae,
798 3481 893 3546 quarn
916 3452 1091 3522 seeundum
1113 3453 1215 3540 pbilo-

67 3543 189 3633 sopbos
211 3553 383 3647 antequam
403 3544 435 3609 in
457 3553 576 3634 corpus
597 3544 800 3624 truderetur,
829 3545 930 3631 potita
955 3550 1023 3618 est,
1050 3550 1084 3604 et
1108 3551 1215 3605 tamen
1266 3536 1271 3545 ’

66 3629 98 3695 in
121 3650 263 3718 corpore
282 3641 378 3699 ratam
398 3653 470 3698 esse
490 3631 640 3722 putantis.
692 3631 751 3698 dlii
778 3641 885 3697 tamen
915 3646 1054 3714 magnae
1076 3625 1215 3691 auotori-

66 3715 142 3783 tatis
170 3727 205 3784 et
226 3716 399 3783 memoriae
419 3715 493 3798 riri,
520 3717 574 3807 qui
596 3716 638 3783 de
660 3717 808 3786 Lethaeo
828 3715 944 3788 fluvio,
963 3722 1070 3780 utrum
1091 3710 1134 3775 de
1155 3711 1258 3778 illisae

65 3800 116 3867 IX
138 3798 266 3870 circulis
286 3801 406 3869 inferos
428 3802 698 3871 circumeuntibus
721 3813 824 3881 esset,
849 3801 1098 3890 disputaremnt,
1118 3808 1152 3864 et
1173 3800 1215 3885 ab

65 3885 125 3953 illis
147 3910 223 3955 eam
243 3900 515 3976 segregaverunt,
550 3889 731 3957 Lethaeum
757 3887 929 3974 imaginem
950 3882 1122 3951 senectutis
1144 3905 1218 3951 esse

66 3974 185 4041 solunt.
240 3972 326 4040 Nam
357 3976 498 4056 animae,
516 4036 519 4043 .
538 3974 699 4065 inquiunt,
734 3986 865 4042 nostrae
894 3972 1004 4058 rigent
1031 3979 1064 4036 et
1094 3968 1216 4036 alacres

10 4092 14 4103 ·
65 4070 144 4126 sunt
181 4067 217 4127 et
247 4058 361 4148 plenae
389 4061 541 4130 memoria
575 4087 594 4130 a
623 4060 761 4149 pueritia
796 4081 897 4148 usqne
926 4054 969 4124 ad
991 4053 1144 4121 virentem
1165 4078 1216 4120 se-

66 4154 243 4213 nectutem.
294 4145 416 4216 Postea
447 4170 523 4214 vero
550 4149 582 4214 in
611 4148 705 4214 nimia
734 4157 901 4217 senectute
929 4139 1031 4209 omnis
1061 4142 1256 4211 memoriam

65 4230 203 4313 labitnr;
232 4253 297 4320 qua
317 4229 424 4322 lapsa,
453 4256 539 4303 mors
564 4232 741 4304 intervenit.
793 4232 888 4320 Ergo
917 4225 1031 4298 fluvius
1051 4220 1214 4325 Lethaeus

806 4344 851 4413 12
