2684 4606
151 130 209 261 oo
454 180 669 286 <naama
687 180 749 256 n.
793 178 869 257 aa.
895 179 963 257 aa.

150 372 224 439 litus
252 370 447 459 carpebant,
478 365 637 455 prohibita
668 378 719 436 est
747 369 877 457 propius
909 366 1078 435 accedere.
1120 367 1226 443 Quam
1243 366 1279 435 ob

150 480 220 527 rem
237 456 319 525 irata
339 454 430 546 petiit
449 474 470 519 α
491 450 569 531 diis,
594 464 632 521 ut
651 476 823 542 numquam
845 454 976 521 accolae
996 465 1113 540 stagno
1135 464 1280 523 carerent.

47 570 51 576 ·
151 542 275 611 Auditis
297 543 456 632 precibus,
476 536 625 627 Juppiter
645 539 803 626 agricolas
818 540 851 605 in
868 562 1016 606 ranarum
1035 538 1177 628 speciem
1191 540 1281 609 vertit.

153 630 260 705 Quum
290 641 414 707 autern,
440 625 568 691 ,lunone
596 638 824 713 persequente,
853 639 1028 713 conceptos
1056 625 1281 715 Apollinemct

126 716 287 781 bDianam
304 736 417 803 parere
433 732 497 775 non
518 723 644 799 posset,
666 710 759 779 terris
775 712 920 778 omnibus
935 710 1073 799 expulsa,
1091 710 1222 779 tandem
1234 712 1281 779 ali·

149 800 289 952 Euando,
308 798 447 903 Ortygia
465 796 645 885 applicante
666 820 702 864 se
719 796 879 878 litoribus,
910 807 1061 899 suscepta
1082 808 1152 879 est,
1181 810 1215 867 et
1228 798 1281 867 illic

183 887 286 952 ianam
308 908 426 974 primo,
449 895 525 971 post
536 880 710 971 Apollinem
729 881 847 963 edidit;
870 895 1069 971 quistatim,
1092 884 1203 951 occiso
1222 882 1281 975 1¹5-

149 973 258 1049 thone,
281 972 364 1038 ultus
384 981 434 1037 eat
453 968 562 1035 matris
590 968 744 1059 injuriam.
780 969 867 1035 Sane
892 979 966 1035 nata
980 968 1086 1037 Diana
1103 970 1281 1059 parturienti
1304 1005 1311 1029 ι

149 1056 321 1146 Apollinem
345 1054 436 1123 matri
457 1052 573 1120 dicitur
593 1054 779 1143 praebuisse
800 1052 978 1121 obstetricis
999 1054 1153 1125 officium.
1194 1054 1282 1125 Unda

109 1160 145 1208 10
175 1166 248 1209 uum
286 1141 392 1207 Diana
427 1139 478 1211 sit.
501 1140 611 1227 virgo,
645 1150 751 1209 tamen
783 1163 803 1206 a
835 1140 1080 1228 parturientibus
1113 1142 1281 1211 invocatur.

149 1167 246 1294 llaec
275 1249 413 1315 namque
441 1236 491 1291 est
510 1224 615 1291 Diana
636 1224 730 1291 Luna
750 1224 954 1315 Proserpina.
996 1225 1084 1294 Nata
1103 1227 1206 1317 igitur
1224 1228 1282 1297 dua

149 1314 279 1379 numina
299 1326 417 1379 terram
444 1311 505 1377 sibi
528 1310 664 1377 natalem
687 1333 796 1377 errare
817 1333 880 1376 non
901 1334 997 1400 passa
1017 1324 1108 1393 sunt,
1136 1312 1198 1381 sed
1214 1316 1283 1383 'cani

149 1398 274 1466 duabus
295 1398 420 1478 insulis,
441 1396 570 1487 Myconi
592 1398 785 1547 Gyaroque,
806 1396 1028 1485 religaverunt.
1065 1398 1193 1467 Veritas
1213 1422 1282 1469 vero

148 1485 247 1572 longe
268 1483 329 1550 alia
351 1496 408 1551 est.
441 1480 525 1549 Nam
541 1482 624 1567 haec
641 1483 741 1549 insua
759 1505 857 1571 quum
878 1494 985 1549 terrae
1006 1494 1095 1551 motu
1113 1484 1282 1569 laboraret,
1316 1560 1319 1567 ,

108 1572 204 1659 15qui
231 1572 267 1637 fit
295 1571 355 1636 sub
386 1568 478 1636 terris
508 1568 679 1636 latentibus
706 1568 823 1649 ventis,
853 1569 1079 1656 quaerentibus
1107 1593 1282 1665 erumpere,
1317 1581 1320 1637 l

148 1659 232 1724 sicut
251 1655 405 1721 Lucanus
426 1652 578 1731 credidit,
609 1653 739 1720 oraculo
765 1653 913 1742 Apollinis
934 1667 1042 1721 terrae
1062 1667 1153 1723 motu
1175 1658 1282 1726 caruit.
1317 1672 1320 1699 ⁵

146 1742 231 1809 Nam
253 1741 433 1842 praecepit,
463 1761 505 1804 ne
531 1738 593 1805 illic
622 1751 764 1807 mortuus
792 1740 996 1826 sepeliretur,
1022 1752 1055 1808 et
1069 1741 1168 1831 jussit
1188 1766 1282 1833 quae-

148 1827 223 1892 dam
244 1827 400 1893 sacrificia
421 1822 499 1890 fieri.
541 1824 662 1892 Postea
680 1848 699 1890 e
719 1824 858 1915 Mycona
883 1827 1076 1915 Gyaroque,
1108 1829 1218 1897 ricinis
1238 1831 1281 1897 in-

148 1913 240 1992 sulis,
272 1912 378 2001 populi
407 1920 577 1990 venerunt,
612 1910 665 1999 qui
687 1934 742 1999 eas
763 1922 916 1978 tenerent.
960 1911 1056 1991 Quod
1078 1925 1185 1981 autem
1206 1916 1282 1983 Dia-

104 2026 141 2075 20
150 2022 223 2065 nam
243 2000 345 2085 primo
365 2008 470 2063 natam
493 1995 644 2075 diximus,
674 1995 767 2100 huy’us
789 2008 838 2063 est
859 1998 999 2064 rationis.
1042 1998 1127 2066 Nam
1149 2012 1282 2083 constut,

170 2087 282 2149 rimam
309 2094 434 2150 noctem
462 2082 578 2157 luisse,
609 2080 699 2171 cujus
717 2093 959 2150 anstrumentum
984 2095 1035 2151 est
1057 2083 1152 2165 luna,
1179 2086 1215 2153 id
1236 2098 1283 2157 est
1302 2104 1320 2175 ἰ

146 2109 269 2251 braum
292 2180 374 2258 post,
398 2166 500 2247 dem,
521 2190 616 2257 quem
636 2168 685 2235 sol
704 2169 818 2249 efficit,
839 2167 874 2233 id
897 2180 946 2237 est
965 2169 1084 2258 Apollo.
1113 2171 1161 2240 Ut
1177 2184 1283 2241 autern

145 2255 246 2322 Delos
265 2257 368 2343 primo
389 2253 526 2344 Ortygia
548 2252 726 2336 diceretur,
759 2254 878 2321 factum
899 2266 948 2322 est
965 2279 985 2322 a
1006 2258 1179 2340 coturnice,
1201 2280 1283 2347 quaa
1299 2286 1320 2333 .·.

147 2344 276 2406 Graece
296 2340 392 2428 ὄρτυξ
412 2353 554 2408 vocatur.
595 2339 695 2407 Delos
719 2351 825 2407 autem
847 2338 979 2421 dicitur,
1030 2344 1080 2408 uia
1108 2342 1164 2408 diu
1183 2342 1283 2427 latuit,
1317 2365 1320 2379 ·

103 2444 139 2494 25
148 2439 182 2493 et
206 2439 280 2515 post
313 2426 469 2516 apparuit.
509 2426 595 2493 Nam
622 2426 725 2514 δῆλον
753 2429 881 2493 Graece
904 2365 1136 2510 macilentum
1157 2426 1281 2497 dicitnr.

148 2512 224 2592 Vel,
253 2514 339 2601 quod
362 2513 464 2578 verius
486 2525 555 2591 est,
584 2513 675 2616 quia,
701 2534 799 2600 quum
816 2512 935 2600 ubique
955 2512 1105 2601 Apollinis
1128 2536 1281 2605 responsa

143 2601 281 2665 obscura
301 2601 379 2681 sint,
408 2599 575 2668 manifesta
596 2598 655 2665 rllic
676 2596 793 2665 dantur
813 2597 953 2665 oracula.

50 2706 93 2753 (.

286 2769 352 2844 18.
407 2771 604 2870 Triplex
634 2766 879 2868 Apollinis
914 2780 1137 2871 potestas.

228 2901 366 2966 Constat
387 2909 491 2965 autem
513 2897 641 2985 triplicis
662 2919 734 2963 esse
755 2900 780 2963 A
804 2897 926 2964 ollinem
947 2900 1124 2987 potestatis,
1145 2910 1181 2971 et
1201 2920 1280 2971 euna

100 2984 216 3053 todem
247 3008 318 3050 esse
339 2984 447 3050 Solem
470 2983 555 3072 apud
588 3005 741 3069 superos,
777 2922 930 3049 liberum
965 2998 1086 3074 patrem
1113 2988 1146 3053 iu
1171 2990 1278 3069 terris,
1315 3000 1318 3005 '

139 3071 313 3159 Apollinem
336 3068 423 3158 apud
442 3070 572 3135 inl'eros.
613 3067 710 3134 Unde
739 3069 833 3136 etiam
859 3071 919 3136 tria
939 3070 1076 3158 insignia
1099 3074 1187 3141 circa
1211 3074 1279 3177 ejus
1309 3139 1320 3176 Ι

140 3157 340 3223 simulacrum
364 3156 522 3237 ridemus3
549 3154 667 3245 lyram,
696 3178 780 3242 quae
809 3156 899 3221 nobis
926 3158 1070 3225 caelestis
1093 3159 1280 3227 harmoniae
1303 3176 1320 3248 ‚q

139 3243 310 3330 imaginem
331 3254 504 3323 monstrat3
532 3240 739 3343 quadrigam,
760 3260 843 3328 quae
864 3241 958 3308 etiam
980 3254 1141 3311 terrenum
1160 3268 1278 3312 numen
1314 3249 1320 3306 l

140 3329 297 3409 ostendit3
329 3329 481 3413 sagittas,
512 3327 626 3415 quibua
650 3326 765 3391 mlerni
799 3326 879 3393 dous
911 3339 944 3393 et
974 3331 1086 3398 nonius
1107 3330 1277 3401 indicatur.

96 3415 235 3482 aoUnde
255 3427 290 3484 et
309 3414 418 3503 Apollo
439 3414 569 3480 Graece
588 3413 661 3478 late
675 3412 826 3501 perdens
847 3411 972 3480 dicitur.

1295 3510 1320 3566 'l

333 3584 399 3659 19.
453 3586 590 3663 Varia
620 3584 863 3688 Apollinis
894 3588 1081 3661 nomina.
1294 3678 1303 3695 ·

221 3717 248 3780 A
287 3712 417 3780 dirersis
457 3715 607 3801 gentibus
647 3716 739 3782 variis
773 3716 951 3783 nominibus
990 3727 1123 3784 vocatur
1153 3715 1274 3805 Apollo.

136 3800 229 3888 Apud
252 3800 480 3868 Achaemenios
502 3802 616 3882 'litan3
636 3800 722 3888 apud
743 3802 834 3891 Aegy
858 3804 918 3869 tios
941 3802 1062 3883 0siris;
1084 3802 1170 3891 apud
1191 3802 1274 3871 Per-

136 3912 205 3965 sas,
235 3889 288 3952 ubi
309 3888 339 3952 in
362 3901 454 3954 antro
484 3887 597 3955 colitur
636 3901 767 3975 propter
796 3826 942 3975 eclipsin,
975 3911 1071 3976 quam
1092 3890 1273 3978 objectione

94 3974 229 4038 tolunae
261 3975 395 4060 patitur,
432 3973 549 4040 Mithra
576 3985 716 4040 vocatur.
769 3974 818 4038 Ibi
851 3975 933 4039 enim
956 3973 1013 4039 Sol
1040 3974 1138 4041 leonis
1175 3974 1271 4055 vultu,

137 4082 210 4123 cum
239 4059 337 4135 tiara,
365 4059 498 4127 Persico
520 4060 625 4136 cultu,
660 4059 731 4124 bovi
759 4058 915 4140 insidens,
957 4060 1099 4146 utrisque
1125 4062 1270 4129 manibus

136 4166 256 4208 cornua
277 4144 344 4232 ejus
366 4146 558 4235 comprimit;
588 4167 671 4236 quae
698 4145 914 4233 interpretatio
936 4143 977 4211 ad
998 4145 1102 4211 lunam
1125 4148 1269 4236 pertinet.

134 4230 262 4297 Dicitur
291 4242 399 4298 autern
424 4226 620 4315 Ἀπόλλων,
653 4231 741 4320 quod
760 4232 878 4300 Latine
894 4243 988 4299 sonat
1004 4232 1173 4319 perdens,
1204 4234 1288 4308 sira,

1311 3888 1320 3910 sl

1315 3933 1320 3945 ι

1308 4306 1313 4330 l
