2684 4606
457 122 776 235 'rnoonuruu
1106 177 1204 239 „av
1307 144 1311 170 ¹

56 354 142 420 terat
175 367 274 417 sane.
344 339 397 421 At
414 341 709 447 mpthographus
740 345 933 422 Vaticanus
967 343 1133 427 Orosium
1164 365 1225 422 se·

55 449 182 548 legisse
204 450 385 541 'mutum
424 473 536 546 -quem
571 450 699 524 Servio
725 446 904 546 juniorem
936 473 1013 521 esse
1050 463 1197 525 constat.

55 547 460 650 Ergomythographds
485 551 681 625 Vaticanus
707 575 773 623 nec
798 551 914 625 Servii
939 550 1108 650 Hyginus
1132 566 1198 645 est,

55 678 118 726 nec
145 651 296 725 Seruius
320 651 511 750 quidquam
536 679 581 727 ex
609 653 672 726 illo
695 664 830 751 poterat
854 653 1024 743 derivare.
1077 657 1203 730 Restat
1241 666 1246 691 ¹
1307 707 1318 728 .

55 762 170 827 summ
204 764 245 824 ut
277 753 584 854 mythognaphum'
600 756 812 830 Vaticanum
832 779 909 827 sna
938 755 995 827 vel
1023 781 1043 828 e
1075 755 1209 832 Servio

55 853 177 957 (quem
198 864 318 927 tamen
336 856 464 931 nullibi
477 856 663 959 memorat)
689 857 867 951 hausisse,
894 855 952 930 vel
978 883 1058 929 eum
1077 858 1203 944 Servio
1231 908 1235 913 -
1283 903 1289 917 κ
1319 912 1324 925 =

55 986 166 1033 unum
186 956 406 1057 eundemque
424 959 557 1035 fontem
578 959 705 1039 adiisse
725 959 895 1045 dicamus.
949 954 1010 1032 Ac
1029 962 1125 1058 prior
1140 961 1203 1035 illa

54 1061 234 1141 sententia·
258 1057 354 1159 haud
383 1060 488 1139 dubie
516 1063 630 1135 verior
660 1072 725 1135 est.
785 1062 878 1137 Nam
904 1061 1022 1160 plures
1048 1061 1200 1158 fabulas,

56 1162 100 1235 ab
120 1173 273 1260 utroque
294 1173 441 1237 auctore
454 1162 582 1235 iisdem
602 1163 718 1245 verbis
739 1163 903 1254 traditas,
932 1162 992 1235 alii
1013 1167 1203 1262 scriptores
1316 1171 1322 1185 '

57 1265 213 1362 antiqui,
260 1261 301 1337 ut
332 1263 609 1364 mpthopraphus
632 1266 715 1357 III,
761 1264 837 1338 solo
856 1264 997 1357 ,Servio
1027 1265 1199 1359 tribuunt,

57 1391 121 1441 nec
143 1365 192 1438 ad
211 1363 336 1437 ullum'
347 1367 453 1439 alium
474 1369 684 1466 scriptorem
705 1365 883 1459 referunt,
919 1392 1008 1465 quae
1030 1394 1086 1441 res
1104 1369 1218 1443 haud.

10 1518 12 1543 .
58 1469 157 1568 parvi
176 1468 345 1542 momenti
359 1479 414 1541 est
430 1469 468 1540 in
485 1468 553 1541 hac
575 1470 789 1567 quaestione.
834 1467 878 1540 Si
896 1470 1070 1566 antiquior
1084 1470 1203 1570 Hygi·
1272 1500 1291 1509 ··

58 1596 123 1643 nus
137 1568 341 1643 fabularum
354 1569 518 1646 volumen
534 1573 675 1645 omnino
693 1570 955 1668 composuisset,
981 1569 1056 1667 ejus
1072 1575 1203 1655 mentio

58 1671 182 1770 procul
216 1669 325 1745 dubio
362 1671 538 1771 frequens,
566 1673 657 1745 soret
694 1672 789 1769 apud
825 1682 980 1743 veterum
1019 1681 1205 1768 poetarum

59 1773 284 1866 scholiastae,
298 1772 470 1872 aliosque
492 1776 680 1873 scriptores
702 1775 842 1872 quires
863 1771 1034 1870 mythieas
1060 1785 1204 1874 tangere
1252 1846 1255 1854 .

10 1964 12 1971 k
59 1877 191 1972 solent3
218 1878 406 1973 praecipue
425 1879 457 1949 si
473 1877 505 1949 is
525 1876 569 1951 G.
587 1876 710 1949 Julius
723 1874 881 1975 Augusti
898 1873 1043 1951 libertus
1063 1875 1201 1971 fnisset,

10 2060 12 2157 t
60 1977 1205 2177 tiltflssttltttlttlltlt'tmtttt..ttsstss‘dtl

60 2185 199 2281 scripsit
229 2178 387 2283 (Colum.
407 2179 445 2274 1,
470 2180 507 2277 1,
531 2180 605 2278 155
641 2182 689 2255 cf.
715 2179 756 2276 5,
782 2178 844 2285 11,
869 2178 911 2253 8.
949 2178 991 2274 9,
1016 2179 1057 2272 2,
1083 2179 1127 2285 1.,
1158 2181 1201 2279 9,

61 2281 125 2379 12,
144 2282 174 2357 5
195 2297 263 2357 etc.
293 2283 355 2367 ubi
377 2285 481 2359 codd.
507 2295 544 2358 et
568 2286 728 2385 lcipinum
748 2294 783 2357 et
805 2284 979 2382 hipinium
1004 2281 1201 2386 exhibent),

60 2399 165 2505 atque
187 2388 233 2459 de
245 2387 329 2506 ”fla
350 2389 522 2506 rebusque
540 2386 732 2462 illustrium
748 2386 905 2467 virorum
927 2382 997 2487 (se.
1013 2387 1202 2488 Romam),

61 2516 166 2665 {tlt
188 2514 311 2663 iiiii
333 2487 946 2692 btttitlbffllttltl‘lt
961 2483 1046 2681 lb
1059 2485 1205 2688 lidi:

61 2704 96 2767 et
124 2693 314 2792 hypiuius,
349 2691 546 2794 scribunt).
611 2694 672 2766 Ex
700 2692 769 2765 hoc
803 2718 908 2790 opere
939 2691 1032 2764 idem
1065 2691 1204 2769 Gellius

61 2793 120 2894 (1,
136 2792 180 2896 1)
203 2795 316 2867 vitam
338 2807 372 2868 et
389 2822 445 2869 res
460 2794 643 2894 Scipionis
657 2794 831 2971 Acricuni
849 2793 977 2867 hausit.
1032 2796 1205 2871 Diversus
1281 2818 1286 2825 ·

63 2908 180 2971 autem
206 2895 251 2968 ab
278 2895 347 2971 hoc
370 2897 479 2972 fuisse
502 2898 639 2971 videtur
663 2898 688 2970 li
714 2925 770 2990 er,
799 2923 843 2970 ox
864 2923 935 2996 quo
953 2894 1090 2971 Gellius
1116 2894 1202 2998 (10,

63 2995 135 3094 18,
169 2996 221 3099 7)
256 2997 326 3072 hoe
355 3000 503 3089 refert:¹
532 3001 678 3073 “Extat
709 3025 804 3072 nunc
837 3025 977 3099 quoque
1008 2998 1206 3074 Theodecti

62 3100 260 3201 tragoedia,
288 3127 376 3201 quae
393 3102 596 3176 inscribitur
610 3102 802 3179 Maenadas
812 3131 825 3197 3
852 3106 977 3209 inqua
998 3128 1078 3174 eum
1094 3106 1204 3202 magis
1288 3100 1291 3106 ⁴

62 3205 371 3381 lttdtttt
385 3204 556 3379 iiiii-{⁶
572 3206 760 3407 {tlt
778 3205 1204 3407 ³ipii⁰ilii.lii⁰is
1257 3282 1270 3305 ‘

64 3406 186 3501 dianus
216 3417 336 3481 narrat
370 3405 439 3510 (ad
469 3408 549 3482 Cic.
578 3436 631 3482 or.
663 3411 698 3480 in
728 3411 808 3482 Pis.
845 3437 882 3508 p.
897 3406 980 3482 161
1007 3409 1063 3482 ed.
1093 3408 1201 3483 Gren.

63 3509 177 3610 Leyd.
205 3506 337 3611 1698)
347 3539 360 3607 3
387 3537 491 3610 quem
508 3510 637 3584 lihrum
654 3511 804 3585 eundem
823 3523 927 3627 atque
946 3510 1045 3583 illum
1069 3512 1113 3585 de
1130 3513 1205 3586 vitu

64 3613 165 3684 rebus
190 3638 236 3684 ue
261 3612 453 3686 illmtrium
473 3616 633 3686 virorum
656 3613 838 3707 haberem,
871 3616 937 3686 nisi
957 3611 1062 3712 hujus
1084 3625 1205 3687 auctor

64 3637 219 3788 aGelho
239 3713 366 3788 diserte
386 3715 512 3790 duilius
531 3726 735 3812 vocaretur5
764 3727 869 3814 atque
891 3719 938 3789 ita
958 3742 1040 3789 sane
1056 3711 1206 3789 Asconii
1303 3732 1306 3741 '

63 3813 180 3891 locum
206 3817 404 3891 emendavit
430 3820 588 3917 Popma,
625 3816 795 3918 probante
819 3819 1002 3919 Madvigio
1034 3844 1072 3915 p.
1087 3815 1143 3891 65
1162 3830 1207 3893 -et

64 3915 199 3994 Orellio
233 3944 273 4016 p.
293 3915 358 3991 15.
432 3920 571 3994 Deinde
611 3947 701 4020 quae
740 3921 945 4008 Macrobius
980 3915 1083 4020 (Sat.
1105 3918 1149 4014 1,
1180 3918 1205 3992 7
1286 3945 1293 3951 ·

64 4046 99 4118 p.
118 4017 206 4093 256
231 4019 368 4123 Zcun.)
400 4020 521 4096 docet:
567 4025 799 4124 “Regionum
833 4027 954 4116 istam,
988 4047 1079 4120 quae
1111 4046 1207 4097 nune
1247 4058 1253 4064 ·

10 4138 13 4207 t
65 4133 210 4197 uocatur
234 4122 361 4216 Italia,
393 4151 502 4222 regno
525 4126 642 4198 danus
668 4124 837 4220 obtinuit,
866 4128 948 4225 qui,
978 4135 1019 4196 ut
1043 4126 1209 4223 lippiae

10 4240 19 4397 l¹
64 4225 296 4319 muretum
336 4226 563 4303 Trallianum
594 4239 732 4303 secutur
769 4229 903 4321 aaut,
946 4251 1028 4301 eum
1060 4227 1208 4303 Gamcse
1307 4272 1313 4277 -

12 4436 30 4578 l
