2684 4606
83 128 87 135 ’
142 156 197 237 ao
479 157 662 281 nytmp.
691 160 724 237 1.
780 159 848 237 ns.
875 161 941 239 re.

142 345 277 414 obsedit.
319 345 366 415 ut
391 367 490 434 quum
517 369 576 437 per
600 347 766 417 sublicium
790 340 937 440 pontem,
967 349 1031 419 hoc
1052 361 1103 421 est
1129 351 1284 440 ligneum,

142 434 278 501 transire
307 445 492 514 conaretur,
523 433 608 500 solus
632 434 749 502 Cocles
770 436 916 522 hostilem
945 436 1098 526 impetum
1125 439 1291 521 sustinuit,¹

143 520 247 585 donec
267 543 287 584 a
309 532 403 620 tergo
427 542 506 606 pons
527 520 703 588 solveretur
721 545 741 588 a
762 522 865 589 sociis.
909 522 983 597 Quo
1003 524 1124 602 soluto,
1152 548 1189 591 se
1210 548 1307 593 cum·

128 606 237 691 armis
272 604 488 693 praecipitarit
523 607 556 672 in
589 606 753 687 Tiberim3
800 612 834 674 et
868 608 941 677 licet
970 608 1083 677 laesus
1112 608 1152 691 ¹iu
1189 632 1284 699 coxa,

118 704 249 759 ttamen
268 693 388 758 tinente
408 693 575 779 superarit.
619 692 715 760 Unde
737 703 786 759 est
805 692 880 760 illud
901 696 942 760 ab
964 719 1003 761 eo
1024 692 1163 776 dictum,
1184 718 1283 785 quum

141 779 172 844 ei
193 778 225 842 in
249 777 383 844 comitiis
406 799 506 846 coxae
532 779 638 846 vitium
660 778 864 869 objiceretur.
894 779 981 844 'Per
1006 780 1168 868 singulbc
1180 804 1282 931 ,fm-

140 864 208 932 dns
235 861 420 927 admoneor
449 862 622 951 triumphi
649 865 729 929 mei.
771 864 808 930 In
830 876 952 932 tantam
973 878 1080 933 autem
1109 866 1178 932 obsi
1203 867 1290 935 iouis'

140 946 363 1015 necessitatem
384 948 518 1038 populus
536 961 683 1030 venerat,
711 960 746 1016 ut
768 962 801 1017 et
822 949 951 1018 obsides
973 950 1080 1019 daret:
1106 940 1146 1019 el
1166 954 1280 1039 quibas

34 1038 42 1071 ⁴
141 1033 281 1113 Cloelia,
310 1032 436 1102 inventa
458 1035 647 1111 occasione,
677 1037 883 1105 transnatavit
902 1036 1051 1118 fluvium,
1087 1047 1122 1103 et
1141 1036 1279 1105 Romam

97 1130 134 1183 10
142 1141 280 1187 reversa.
296 1130 354 1186 est.
396 1121 493 1189 Pacis
519 1121 703 1210 legequac
728 1121 852 1193 reddita
874 1144 984 1190 rursus
1011 1132 1077 1203 est,
1105 1144 1177 1191 eam
1200 1122 1280 1192 Pon

139 1228 240 1281 senna
269 1216 445 1294 repetente.
479 1206 544 1282 Qui
565 1205 746 1277 admiratus
774 1208 922 1275 virtutem
974 1208 1095 1285 uellae,
1132 1206 1278 1275 deditei

139 1293 317 1443 pptionem,
347 1303 384 1358 ut
404 1314 477 1358 enm
499 1295 612 1389 quibus
634 1292 743 1374 vellet,
765 1292 894 1363 rediret.
935 1231 972 1365 ll

973 1292 1113 1380 selegit
1131 1293 1278 1381 virgines.

174 1377 236 1443 nde
257 1377 442 1459 Porsenna,
472 1380 536 1447 hoc
564 1402 693 1469 quoque
719 1377 867 1461 miratus,
894 1381 1069 1456 noncessit,
1098 1389 1132 1445 et
1155 1380 1280 1467 rogavit

140 1486 199 1552 per
226 1463 345 1530 litteras
368 1465 520 1552 populum
539 1468 738 1551 Romanum,
767 1476 803 1533 ut
823 1466 853 1531 ei
874 1465 992 1555 ahquid
1018 1462 1105 1534 virile
1127 1461 1280 1533 decerne·

97 1561 239 1618 seretur.
293 1548 355 1613 Cui
384 1551 460 1618 data
489 1565 538 1625 est
568 1563 677 1623 statua
707 1550 883 1640 equestris,
921 1575 1017 1642 qnam
1037 1552 1082 1635 „in
1109 1572 1205 1618 sacra
1235 1550 1280 1618 ria

137 1635 235 1703 hodie
255 1635 478 1724 conspicimus.
1289 1637 1293 1643 ’

497 1795 566 1871 75.
621 1798 927 1898 Hymenaeus.

224 1923 453 2013 Hymenaeus,
496 1946 577 2012 puer
613 1922 879 2003 formosissimus,
950 1940 1047 1986 suere
1082 1918 1280 1989 Atheniensis

140 2006 208 2075 fnit.
250 2010 283 2076 ls
304 2008 409 2099 quum'
423 2033 523 2077 annos
548 2010 673 2099 puerilis
699 2009 812 2077 aetatis
834 2029 913 2074 exce
938 2016 1023 2085 eret,
1050 2026 1156 2094 neque
1176 2006 1280 2089 adhuc

96 2093 240 2162 ²⁰virum
267 2095 399 2183 implere
426 2106 554 2187 posset,
582 2117 621 2161 ea
642 2092 877 2185 pulchritudine
896 2091 1060 2181 praeditus
1083 2093 1182 2161 fuisse
1202 2090 1279 2161 dici-

138 2192 208 2255 tur‚
246 2194 283 2248 ut
311 2182 461 2248 seminam
492 2182 686 2250 mentiretur.
745 2181 845 2248 Istum
877 2186 973 2267 qu'nm
1002 2200 1066 2245 una
1093 2201 1134 2245 ex
1161 2176 1280 2246 civilius

137 2266 220 2344 suis,
241 2268 332 2354 virgo
343 2268 480 2350 nobilis,
502 2268 699 2347 adamasset,
720 2267 805 2356 ipse,
827 2263 1041 2331 mediocribus
1058 2275 1147 2332 ortus
1165 2286 1281 2353 paren·

136 2352 240 2432 tibus,
266 2355 341 2442 quia
360 2355 484 2443 nuptias
505 2354 712 2442 desperabat,
742 2351 830 2441 quod
852 2361 980 2440 poterat
999 2360 1123 2429 tamen,
1144 2350 1281 2500 pucilam

136 2449 281 2506 extrema
309 2443 425 2507 amoris
452 2441 535 2508 linea
562 2441 614 2506 dili
643 2462 715 2516 ens,
743 2439 812 2543 ey'us
836 2436 941 2504 animo
968 2433 1037 2502 solo
1065 2436 1282 2504 satisaciebat

95 2536 282 2611 asaspeetu.
341 2527 512 2616 Quumque
544 2462 663 2593 nobiles
703 2524 838 2592 femmae
875 2544 948 2588 cum
980 2520 1155 2607 virginibus
1188 2544 1282 2589 sacra

94 2632 96 2639 ·
139 2608 270 2677 Cereris
308 2611 480 2681 Eleusinae
518 2612 739 2690 celebrarent,
783 2608 887 2675 subito
926 2604 1066 2674 adventu
1106 2606 1282 2696 piratarum

138 2716 175 2760 ra
199 2708 252 2763 tae
286 2711 378 2779 sunt;
415 2699 498 2766 inter
527 2722 607 2787 quas
644 2708 678 2763 ct
706 2696 932 2783 Hymenaeus,
977 2693 1031 2779 qui
1060 2690 1112 2759 illo
1143 2704 1281 2762 amatam

139 2719 329 2850 subsecutus
356 2784 478 2865 fuerat,
520 2806 592 2849 cnm
621 2779 723 2870 puella
750 2780 913 2868 abripitur.
963 2777 1071 2853 Quum
1095 2777 1196 2867 igitur
1246 2780 1282 2846 er

139 2864 313 2969 longinqua
349 2870 449 2935 maria
484 2867 639 2957 praedam
675 2867 797 2955 piratae
829 2865 1006 2945 rexissent,
1046 2862 1087 2930 ad
1119 2884 1282 2952 quanam

95 2959 305 3040 8⁰regronem
331 2951 459 3021 tandem
489 2953 691 3041 perveniunt,
723 2953 777 3018 ubi
794 2963 832 3019 et
857 2973 970 3018 somno
1001 2949 1101 3039 pressi
1128 2952 1170 3017 ab
1197 2951 1281 3020 inse-

139 3037 309 3127 quentibus
341 3052 416 3108 sunt
443 3036 587 3130 peremti.
629 3039 856 3128 Hymenaeus,
884 3036 999 3102 relictis
1027 3036 1071 3101 ibi
1093 3033 1280 3124 virginibus,

140 3147 289 3192 reversus
311 3124 468 3207 Athenas,
496 3137 609 3214 pactus
638 3139 687 3192 est
708 3150 726 3191 a
746 3125 864 3190 civibus
884 3122 1021 3188 dilectae
1045 3142 1123 3195 sune
1144 3125 1281 3213 nuptias,

140 3211 167 3276 si
197 3210 242 3277 eis
274 3211 353 3278 filias
385 3235 459 3284 suas
488 3213 680 3280 restitueret.
739 3211 828 3285 Quas
857 3208 911 3273 ubi
942 3229 1001 3297 pro
1030 3218 1104 3274 roto
1132 3211 1282 3291 restituit,

140 3307 322 3385 exoptatam
342 3300 466 3387 accepit
481 3320 624 3385 uxorem.
665 3296 761 3371 Quod
782 3294 966 3385 eonjugium
982 3294 1057 3382 quia
1073 3292 1148 3361 felix
1166 3295 1281 3381 fuerat,

97 3399 133 3450 uo
140 3383 258 3472 placuit
280 3384 523 3465 Atheniensibus
547 3405 662 3449 nomen
684 3382 865 3473 Hymenaei
887 3378 1002 3468 nuptiis
1023 3378 1169 3449 miscere.
1210 3408 1216 3418 ·

368 3555 436 3632 76.
490 3555 702 3657 Orpheus
730 3567 772 3629 et
795 3552 1043 3655 Eurydice.
1092 3586 1095 3592 ·

225 3689 395 3780 Orpheus,
426 3688 497 3755 Oea
525 3686 552 3752 ri
575 3698 612 3754 et
633 3683 797 3773 Calliopae
818 3681 933 3749 Musae
958 3681 1058 3759 lilius,
1089 3688 1127 3747 nt
1151 3677 1280 3769 quidam

139 3789 271 3864 putent,
305 3774 454 3867 Apollinis
484 3709 579 3839 [iliam
613 3772 724 3838 habuit
755 3790 889 3836 uxorem
919 3768 989 3835 Eur
1011 3765 1115 3833 dicen.
1175 3767 1280 3841 Quam

141 3863 219 3929 dum
244 3863 422 3941 Aristaeus,
453 3860 597 3949 Cyrenes
621 3857 721 3937 filins,
751 3867 878 3945 pastor,
906 3793 1042 3943 cupidus
1068 3853 1279 3951 persequitur,

99 3949 249 4017 turolens
271 3973 343 4017 eam
364 3961 528 4035 stuprare,
548 3944 599 4011 illa
621 3945 748 4032 lugiens
770 3940 992 4020 concubitum,
1013 3948 1196 4025 serpentem
1217 3958 1278 4003 nou

141 4035 308 4119 devitavit3
344 4046 377 4103 et
402 4034 484 4100 haec
512 4032 541 4099 ci
567 4054 665 4099 causa
693 4026 898 4097 mortistbit.
951 4025 1118 4115 Orpheus,
1148 4035 1278 4125 coactus

140 4124 299 4191 desiderio
327 4120 491 4210 conjugis,
525 4118 657 4186 tentarit
683 4114 852 4183 dulcedine
880 4122 991 4180 cantus
1021 4110 1165 4197 citharae
1183 4108 1277 4177 lenire

127 4210 243 4276 Ditem
267 4223 302 4277 et
319 4207 567 4296 Proserpinam,
589 4205 615 4271 si
636 4216 745 4294 posset
764 4197 949 4290 Eurydicen
971 4195 1014 4265 ad
1034 4215 1170 4285 superos
1192 4216 1277 4263 rero
