2684 4606
140 167 199 242 aa
330 152 333 163 '
442 150 1013 266 a1p110p.1.209-2t¹·'
1171 112 1200 273 J

168 373 264 418 ecura
288 359 489 440 pascentem,
511 371 567 415 eas
588 349 681 417 misit
726 351 788 417 cui
835 370 911 413 uum
929 346 1016 412 Juno
1032 365 1170 434 regnum
1183 348 1291 425 Asiae.
1333 356 1336 427 ξ

145 378 288 505 blitterva
310 435 449 504 omniurn
471 435 585 501 artium
605 434 788 517 scientiam,
812 374 920 501 lenus
941 452 1177 521 quamcumque
1198 436 1300 505 vellet?

147 525 327 604 mulierem,
348 524 584 610 promitterent3
612 523 770 588 Venerem
794 520 846 587 illo
868 516 951 585 malo
973 515 1192 604 dignissimam
1215 542 1292 609 pro-

148 610 308 676 nuntiavit.
364 608 437 680 Quo
472 607 575 684 sacto,
610 608 695 673 Juno
726 618 760 676 et
788 606 931 673 Minerva
960 602 1110 693 'Projauis
1138 602 1292 677 dicuutur

123 697 263 773 niratae,
280 704 407 781 spretae
428 693 541 783 injuria
563 692 693 760 formae.

513 878 609 954 aaa.
664 877 921 954 aerinas.
1002 844 1031 959 s

231 1008 380 1086 Achilles,
403 1002 550 1073 Thetidis
570 1018 603 1074 et
623 1005 710 1073 Pelei
731 1002 830 1086 tilius,
852 1027 926 1070 cum
949 1004 1181 1095 quinquaginta
1203 1006 1292 1073 navi-

148 1097 208 1160 bus
230 1094 272 1159 de
286 1095 417 1159 Larissa
439 1093 564 1159 civitate
576 1091 806 1180 Agamemnoni
828 1091 1028 1172 etMenelao,
1050 1090 1291 1167 Atridis,·auxi-

60 1220 65 1233 ι
118 1210 120 1217 ·
148 1179 223 1245 lium
249 1179 400 1246 adversus
428 1177 588 1265 Trojanos
618 1178 697 1245 tulit.
740 1176 784 1244 Ht
813 1173 890 1242 dum
915 1177 1037 1266 'l'rbjae
1063 1198 1124 1265 per
1144 1175 1292 1243 inducias

105 1268 367 1352 ludgamemnon
388 1280 466 1330 cum‘
483 1263 625 1330 exercitu
646 1287 705 1330 suo
728 1262 823 1328 armis
844 1262 916 1326 loca
938 1260 1293 1342 obseder·at„Aclrillea

147 1352 295 1417 linitirnas
331 1353 429 1433 irrites
466 1371 539 1414 curn
573 1350 637 1415 suis
671 1346 923 1438 Myrmidonibus
957 1348 1182 1437 expugnavit,
1207 1348 1336 1433 inter,¹

58 1446 61 1451 '
149 1460 229 1523 quas
253 1436 385 1503 'l'hebas
408 1446 441 1502 et
460 1434 658 1537 Lyrnesum,
694 1445 727 1501 et
755 1432 981 1521 pulcherrimas
1009 1432 1089 1501 duas
1111 1434 1294 1502 Briseidem
1332 1468 1335 1475 ·

148 1536 180 1588 et
207 1521 417 1611 Chryseidem
448 1518 591 1611 adjunxit
619 1520 687 1586 sibi.
730 1520 858 1585 Interea
882 1519 1065 1619 pestilentia
1085 1520 1293 1587 Graecorum

148 1607 324 1673 exercitum
354 1607 483 1685 invasit3
513 1617 545 1673 et
573 1606 699 1672 monitis
725 1604 909 1671 Calchantis
932 1606 1154 1692 Agamemnon
1176 1604 1327 1687 victua*

106 1693 360 1782 lbOhryseidem
405 1691 485 1778 patri
530 1690 694 1781 Chrysae,
739 1688 898 1756 sacerdoti
929 1690 1096 1778 Apollinis,
1137 1690 1323 1773 reddidit·

148 1778 276 1855 dicens,
307 1775 483 1843 Achillem
511 1775 551 1839 id
571 1775 695 1860 jacere
719 1772 849 1838 debere.
892 1774 939 1849 Ac
969 1787 1103 1866 propter
1123 1775 1188 1843 hoc
1207 1774 1324 1851 intet‘r

148 1886 204 1928 eos
236 1883 337 1949 usque
365 1858 406 1926 ad
435 1857 567 1925 caedem
595 1871 735 1926 mutuam
756 1870 891 1947 uterque
907 1861 1024 1929 exarsit
1044 1861 1223 1946 exercitus,
1253 1874 1335 1945 ut,'

148 1949 199 2013 rix
219 1948 362 2012 Minerva
385 1967 494 2027 eorum
517 1947 750 2011 contentionem
773 1942 911 2011 sedaret.
953 1947 1037 2014 Post
1065 1947 1129 2015 boc
1147 1948 1292 2017 'Achilles

149 2033 298 2121 'l'rojanis
339 2030 471 2097 feliciter
513 2031 729 2118 pugnantibus
771 2028 951 2118 aliquandiu
986 2055 1051 2099 non
1092 2036 1294 2122 repugnavit.

105 2118 201 2183 acad
224 2131 399 2184 extremum
421 2137 500 2181 vera
523 2139 632 2218 quam
645 2117 790 2191 Hector,
821 2116 908 2183 victis
929 2118 1087 2197 Graecis,
1117 2142 1214 2189 nares
1235 2144 1294 2189 eo·

101 2245 106 2256 ·
146 2226 219 2273 rurn
239 2202 445 2283 incenderet,
477 2211 563 2268 et'm
583 2202 659 2290 ipsis
681 2201 793 2268 castris
814 2212 990 2290 pugnaret,
1018 2203 1223 2289 Patroclus,'
1239 2229 1293 2275 ar·
1332 2206 1335 2213 ’

77 2334 81 2345 ·
148 2290 254 2375 miger
279 2287 423 2366 Achillis,
462 2308 535 2353 cum
568 2288 663 2354 armis
696 2287 764 2353 e'us
792 2286 971 2376 procedens
996 2286 1040 2356 ad
1058 2312 1220 2393 pugnarn,
1249 2296 1295 2383 ab
1328 2302 1336 2321 “

148 2376 295 2455 Hectore
318 2373 443 2439 occisus
465 2383 532 2453 est,
554 2375 650 2442 omnis
672 2397 691 2440 a
724 2374 793 2441 atis.
831 2374 905 2449 Quo
927 2374 1039 2451 dolore
1058 2376 1110 2443 rlle
1129 2379 1290 2461 incitatus,
1305 2374 1336 2437 ’ῖ-

150 2483 247 2546 quum
272 2459 363 2526 vellet
383 2480 549 2547 pugnare,
571 2473 605 2528 et
627 2482 715 2526 arma
738 2481 801 2525 non
822 2458 972 2542 baberet,
993 2483 1014 2526 a
1030 2473 1133 2529 matre
1149 2464 1291 2532 'l'lretide

108 2545 284 2629 aarVulcani
303 2566 391 2611 arma
411 2544 546 2633 accepit.
576 2546 700 2621 Quibus
721 2542 850 2611 indutus
871 2569 970 2633 quum
991 2569 1027 2611 se
1048 2570 1180 2650 pugnae
1198 2553 1291 2619 resti-

150 2631 280 2703 tuisset,
309 2642 342 2698 et
373 2628 523 2717 plurimos
557 2631 716 2721 Trojanos
739 2629 927 2710 occidisset,
959 2654 1032 2698 cum
1052 2656 1123 2720 ipso
1145 2638 1291 2704 Hectore

150 2717 305 2802 singulari
333 2708 506 2783 certamine
536 2739 730 2803 congressus
748 2726 810 2782 est.
854 2717 959 2790 Quem
986 2717 1165 2789 occisums
1207 2723 1292 2791 bavit
1326 2716 1336 2779 ἶ

151 2804 263 2883 armis,
296 2801 429 2890 ejusque
463 2823 580 2889 corpus
608 2802 715 2867 currui
747 2800 942 2888 subligatum
971 2801 1171 2875 circumierat
1196 2809 1295 2889 fenita
1334 2800 1336 2817 '

152 2887 239 2988 pund
253 2888 418 2989 ‘Priamus
456 2906 534 2953 auro
575 2888 815 2975 compensatum
850 2885 893 2954 ad
932 2888 1127 2963 humandum
1155 2893 1291 2965 redemit

109 2996 280 3047 aornermrs
305 2992 467 3059 egressus.
966 3000 997 3031 ἰ

533 3141 627 3218 210.
682 3142 910 3221 Troilus.

228 3274 387 3355 ·'l'roilus,
419 3270 538 3339 Priami
567 3285 600 3340 et
630 3271 790 3341 Hecubae
818 3276 915 3357 filius,
949 3297 1045 3364 quum
1077 3300 1177 3365 equos
1200 3291 1295 3347 extra
1327 3296 1336 3327 ⁴·

153 3380 261 3449 muros
290 3370 474 3440 exerceret,
502 3360 543 3425 ab
575 3357 692 3425 Achille
721 3383 780 3448 per
806 3360 934 3429 insidias
956 3363 1153 3445 vulneratur,
1184 3366 1292 3431 exani·
1328 3399 1333 3407 ·

153 3446 276 3534 arisque
295 3442 327 3512 in
349 3446 461 3512 urbem
487 3443 575 3530 equis
599 3441 753 3531 religatus
776 3447 924 3515 refertur.
967 3449 1030 3515 Cui
1061 3448 1181 3519 dictum
1211 3464 1292 3533 erat,
1313 3466 1328 3497 '-

112 3532 251 3619 asquod,
273 3532 299 3599 si
320 3530 362 3599 ad
381 3552 481 3597 annos
495 3530 559 3597 XX
577 3530 790 3618 pervenisset,
820 3533 923 3623 'l'roja
937 3534 1035 3602 everti
1049 3557 1112 3603 non
1125 3536 1290 3627 potuisset,
1305 3544 1324 3631 ,ι’

104 3814 113 3821 .
151 3723 247 3800 titt.
297 3727 512 3804 Victoria
548 3729 773 3806 Hectoris
803 3746 844 3808 et
877 3732 985 3835 iupa
1017 3733 1286 3811 Palamedis.

236 3854 371 3923 Achilles
400 3854 500 3924 noluit
528 3878 716 3944 expugnare
742 3858 893 3949 Troiam,
919 3863 993 3949 quia
1022 3875 1193 3951 corruptus
1220 3852 1314 3935 e'rat'

151 3961 171 4003 a
193 3939 321 4005 Priamo
342 3964 443 4029 rege,
475 3945 677 4029 promittente
707 3944 735 4009 ei
765 3946 970 4014 filianr‘suam
991 3948 1188 4039 Polyxenam
1209 3949 1289 4016 dare

151 4025 183 4088 in
212 4026 403 4115 conjugium.
455 4028 524 4094 Alio
558 4028 611 4093 die
639 4029 722 4095 venit
746 4030 941 4109 Diomedes,
980 4030 1061 4102 filius
1094 4035 1221 4124 Tydei,
1256 4048 1313 4103 et?

111 4134 188 4183 rutro
209 4114 277 4178 avit
303 4136 392 4191 eum,
415 4124 450 4180 ut
469 4114 501 4179 in
524 4115 625 4181 aciem
647 4115 803 4185 transiret.
847 4118 980 4184 Achilles
1004 4132 1110 4188 autern
1137 4122 1289 4211 negabat.
1316 4155 1323 4191 ·.

144 4132 340 4267 Prdamedes
364 4224 439 4267 vero
461 4200 588 4291 rogavit
612 4223 702 4282 euru,
735 4214 771 4270 ut
799 4225 928 4271 currum
957 4216 1054 4293 atque
1081 4229 1183 4296 equos
1210 4229 1301 4276 suos·

16 4487 32 4566 l
81 4536 124 4566 „a
