<?xml version="1.0" encoding="UTF-8"?>
<!DOCTYPE html PUBLIC "-//W3C//DTD XHTML 1.0 Transitional//EN"
    "http://www.w3.org/TR/xhtml1/DTD/xhtml1-transitional.dtd">
<html xmlns="http://www.w3.org/1999/xhtml" xml:lang="en" lang="en">
 <head>
  <title>
</title>
<meta http-equiv="Content-Type" content="text/html;charset=utf-8" />
  <meta name='ocr-system' content='tesseract 3.04.00' />
  <meta name='ocr-capabilities' content='ocr_page ocr_carea ocr_par ocr_line ocrx_word'/>
</head>
<body>
  <div class='ocr_page' id='page_1' title='image "./scriptoresrereu00bodegoog_0104.png"; bbox 0 0 2684 4606; ppageno 0'>
   <div class='ocr_carea' id='block_1_1' title="bbox 256 180 1201 300">
    <p class='ocr_par' dir='ltr' id='par_1_1' title="bbox 256 180 1201 300">
     <span class='ocr_line' id='line_1_1' title="bbox 256 180 1201 300; baseline 0.003 -27"><span class='ocrx_word' id='word_1_1' title='bbox 256 229 263 236; x_wconf 91' lang='lat'><strong>·</strong></span> <span class='ocrx_word' id='word_1_2' title='bbox 375 192 558 300; x_wconf 51' lang='lat' dir='ltr'><strong>agangi.</strong></span> <span class='ocrx_word' id='word_1_3' title='bbox 584 196 639 273; x_wconf 76' lang='lat'><strong>11.</strong></span> <span class='ocrx_word' id='word_1_4' title='bbox 692 180 874 273; x_wconf 51' lang='lat' dir='ltr'><strong>asssa.</strong></span> <span class='ocrx_word' id='word_1_5' title='bbox 927 282 929 289; x_wconf 61' lang='grc'>,</span> <span class='ocrx_word' id='word_1_6' title='bbox 1147 198 1201 276; x_wconf 77' lang='lat' dir='ltr'><strong>rr</strong></span> 
     </span>
    </p>
   </div>
   <div class='ocr_carea' id='block_1_2' title="bbox 193 370 1055 483">
    <p class='ocr_par' dir='ltr' id='par_1_2' title="bbox 193 370 1055 483">
     <span class='ocr_line' id='line_1_2' title="bbox 193 370 1055 483; baseline 0.01 -29"><span class='ocrx_word' id='word_1_7' title='bbox 193 378 260 454; x_wconf 80' lang='lat'><strong>&#39;8.</strong></span> <span class='ocrx_word' id='word_1_8' title='bbox 315 381 406 475; x_wconf 80' lang='lat' dir='ltr'><strong>Qui</strong></span> <span class='ocrx_word' id='word_1_9' title='bbox 439 385 616 483; x_wconf 82' lang='lat' dir='ltr'><strong>primus</strong></span> <span class='ocrx_word' id='word_1_10' title='bbox 646 370 819 483; x_wconf 84' lang='lat' dir='ltr'><strong>templa</strong></span> <span class='ocrx_word' id='word_1_11' title='bbox 854 384 1055 463; x_wconf 77' lang='lat' dir='ltr'><strong>lecerit.¹</strong></span> 
     </span>
    </p>
   </div>
   <div class='ocr_carea' id='block_1_3' title="bbox 20 508 1228 945">
    <p class='ocr_par' dir='ltr' id='par_1_3' title="bbox 20 508 1228 945">
     <span class='ocr_line' id='line_1_3' title="bbox 25 508 1202 604; baseline 0.004 -27"><span class='ocrx_word' id='word_1_12' title='bbox 25 532 27 537; x_wconf 88' lang='lat'>·</span> <span class='ocrx_word' id='word_1_13' title='bbox 144 511 273 580; x_wconf 79' lang='lat' dir='ltr'><strong>Dicitur</strong></span> <span class='ocrx_word' id='word_1_14' title='bbox 294 512 505 597; x_wconf 88' lang='lat' dir='ltr'><strong>Phoroneus,</strong></span> <span class='ocrx_word' id='word_1_15' title='bbox 525 513 608 582; x_wconf 90' lang='lat' dir='ltr'><strong>filius</strong></span> <span class='ocrx_word' id='word_1_16' title='bbox 628 511 738 579; x_wconf 86' lang='lat' dir='ltr'><strong>Inachi</strong></span> <span class='ocrx_word' id='word_1_17' title='bbox 758 513 848 603; x_wconf 71' lang='lat' dir='ltr'><strong>regn&#39;s</strong></span> <span class='ocrx_word' id='word_1_18' title='bbox 863 515 1063 602; x_wconf 73' lang='lat' dir='ltr'><strong>Argivorum,</strong></span> <span class='ocrx_word' id='word_1_19' title='bbox 1084 508 1202 604; x_wconf 83' lang='lat' dir='ltr'><strong>primus</strong></span> 
     </span>
     <span class='ocr_line' id='line_1_4' title="bbox 57 596 1203 689; baseline 0.003 -25"><span class='ocrx_word' id='word_1_20' title='bbox 57 596 186 664; x_wconf 89' lang='lat' dir='ltr'><strong>Junoni·</strong></span> <span class='ocrx_word' id='word_1_21' title='bbox 208 597 327 686; x_wconf 82' lang='lat' dir='ltr'><strong>templa</strong></span> <span class='ocrx_word' id='word_1_22' title='bbox 354 596 496 689; x_wconf 77' lang='lat' dir='ltr'><strong>dicasse,</strong></span> <span class='ocrx_word' id='word_1_23' title='bbox 512 612 561 666; x_wconf 49' lang='lat' dir='ltr'><strong>,et</strong></span> <span class='ocrx_word' id='word_1_24' title='bbox 580 599 810 671; x_wconf 84' lang='lat' dir='ltr'><strong>sacrificiorum</strong></span> <span class='ocrx_word' id='word_1_25' title='bbox 831 599 1003 668; x_wconf 84' lang='lat' dir='ltr'><strong>instituisse</strong></span> <span class='ocrx_word' id='word_1_26' title='bbox 1024 602 1203 683; x_wconf 81' lang='lat' dir='ltr'><strong>sollemnia3</strong></span> 
     </span>
     <span class='ocr_line' id='line_1_5' title="bbox 81 682 1201 776; baseline 0.004 -28"><span class='ocrx_word' id='word_1_27' title='bbox 81 683 112 749; x_wconf 92' lang='lat' dir='ltr'><strong>ui</strong></span> <span class='ocrx_word' id='word_1_28' title='bbox 142 683 236 750; x_wconf 87' lang='lat' dir='ltr'><strong>etiam</strong></span> <span class='ocrx_word' id='word_1_29' title='bbox 289 683 385 750; x_wconf 87' lang='lat' dir='ltr'><strong>rimus</strong></span> <span class='ocrx_word' id='word_1_30' title='bbox 413 682 598 755; x_wconf 72' lang='lat' dir='ltr'><strong>mortalibus</strong></span> <span class='ocrx_word' id='word_1_31' title='bbox 628 685 791 772; x_wconf 72' lang='lat' dir='ltr'><strong>regnavitt</strong></span> <span class='ocrx_word' id='word_1_32' title='bbox 829 686 920 776; x_wconf 85' lang='lat' dir='ltr'><strong>cujus</strong></span> <span class='ocrx_word' id='word_1_33' title='bbox 950 688 1046 754; x_wconf 83' lang='lat' dir='ltr'><strong>libam</strong></span> <span class='ocrx_word' id='word_1_34' title='bbox 1073 688 1201 754; x_wconf 81' lang='lat' dir='ltr'>Nioben</span> 
     </span>
     <span class='ocr_line' id='line_1_6' title="bbox 56 708 1228 924; baseline 0.008 -90"><span class='ocrx_word' id='word_1_35' title='bbox 56 708 239 924; x_wconf 58' lang='lat' dir='ltr'><strong>dquiphalia</strong></span> <span class='ocrx_word' id='word_1_36' title='bbox 293 768 388 838; x_wconf 85' lang='lat' dir='ltr'><strong>antali</strong></span> <span class='ocrx_word' id='word_1_37' title='bbox 409 783 457 840; x_wconf 85' lang='lat' dir='ltr'><strong>est</strong></span> <span class='ocrx_word' id='word_1_38' title='bbox 507 771 656 862; x_wconf 84' lang='lat' dir='ltr'><strong>Juppiter</strong></span> <span class='ocrx_word' id='word_1_39' title='bbox 685 772 796 862; x_wconf 83' lang='lat' dir='ltr'><strong>primo·</strong></span> <span class='ocrx_word' id='word_1_40' title='bbox 814 771 980 843; x_wconf 78' lang='lat' dir='ltr'><strong>mortalem</strong></span> <span class='ocrx_word' id='word_1_41' title='bbox 1007 773 1124 855; x_wconf 88' lang='lat' dir='ltr'><strong>dicitur</strong></span> <span class='ocrx_word' id='word_1_42' title='bbox 1142 775 1228 843; x_wconf 79' lang='lat' dir='ltr'><strong>sibit</strong></span> 
     </span>
     <span class='ocr_line' id='line_1_7' title="bbox 20 877 551 945; baseline 0.004 -21"><span class='ocrx_word' id='word_1_43' title='bbox 20 879 122 945; x_wconf 72' lang='lat'><em>¹001)</em></span> <span class='ocrx_word' id='word_1_44' title='bbox 176 877 267 925; x_wconf 69' lang='lat' dir='ltr'><strong>Vim-</strong></span> <span class='ocrx_word' id='word_1_45' title='bbox 350 898 353 905; x_wconf 96' lang='lat'>&#39;</span> <span class='ocrx_word' id='word_1_46' title='bbox 426 900 429 905; x_wconf 89' lang='grc'><strong>’</strong></span> <span class='ocrx_word' id='word_1_47' title='bbox 549 902 551 907; x_wconf 95' lang='grc'><strong><em>·</em></strong></span> 
     </span>
    </p>
   </div>
   <div class='ocr_carea' id='block_1_4' title="bbox 322 1051 818 1161">
    <p class='ocr_par' dir='ltr' id='par_1_4' title="bbox 322 1051 818 1161">
     <span class='ocr_line' id='line_1_8' title="bbox 322 1051 818 1161; baseline 0.01 -32"><span class='ocrx_word' id='word_1_48' title='bbox 322 1051 326 1061; x_wconf 63' lang='grc'><em>“</em></span> <span class='ocrx_word' id='word_1_49' title='bbox 443 1052 485 1157; x_wconf 49' lang='grc'><strong>9,</strong></span> <span class='ocrx_word' id='word_1_50' title='bbox 538 1056 818 1161; x_wconf 80' lang='lat' dir='ltr'><strong>Neptunus.</strong></span> 
     </span>
    </p>
   </div>
   <div class='ocr_carea' id='block_1_5' title="bbox 57 1181 1250 1791">
    <p class='ocr_par' dir='ltr' id='par_1_5' title="bbox 57 1181 1250 1791">
     <span class='ocr_line' id='line_1_9' title="bbox 146 1181 1250 1277; baseline -0.002 -27"><span class='ocrx_word' id='word_1_51' title='bbox 146 1182 300 1273; x_wconf 82' lang='lat' dir='ltr'><strong>Neptuno</strong></span> <span class='ocrx_word' id='word_1_52' title='bbox 323 1181 478 1272; x_wconf 86' lang='lat' dir='ltr'><strong>deputant</strong></span> <span class='ocrx_word' id='word_1_53' title='bbox 497 1208 605 1269; x_wconf 87' lang='lat' dir='ltr'><strong>mare,</strong></span> <span class='ocrx_word' id='word_1_54' title='bbox 629 1209 766 1274; x_wconf 87' lang='lat' dir='ltr'><strong>eumque</strong></span> <span class='ocrx_word' id='word_1_55' title='bbox 787 1182 950 1253; x_wconf 86' lang='lat' dir='ltr'><strong>secundae</strong></span> <span class='ocrx_word' id='word_1_56' title='bbox 970 1183 1064 1252; x_wconf 87' lang='lat' dir='ltr'><strong>sortis</strong></span> <span class='ocrx_word' id='word_1_57' title='bbox 1083 1204 1202 1272; x_wconf 83' lang='lat' dir='ltr'><strong>regna·</strong></span> <span class='ocrx_word' id='word_1_58' title='bbox 1232 1248 1250 1277; x_wconf 67' lang='lat'><strong>·,</strong></span> 
     </span>
     <span class='ocr_line' id='line_1_10' title="bbox 57 1270 1202 1423; baseline 0.001 -85"><span class='ocrx_word' id='word_1_59' title='bbox 57 1282 165 1339; x_wconf 89' lang='lat' dir='ltr'><strong>torem</strong></span> <span class='ocrx_word' id='word_1_60' title='bbox 194 1270 379 1359; x_wconf 88' lang='lat' dir='ltr'><strong>perhibent,</strong></span> <span class='ocrx_word' id='word_1_61' title='bbox 410 1270 486 1359; x_wconf 90' lang='lat' dir='ltr'><strong>quia</strong></span> <span class='ocrx_word' id='word_1_62' title='bbox 513 1294 597 1363; x_wconf 88' lang='lat' dir='ltr'><strong>aqua</strong></span> <span class='ocrx_word' id='word_1_63' title='bbox 624 1273 755 1339; x_wconf 83' lang='lat' dir='ltr'><strong>vicinior</strong></span> <span class='ocrx_word' id='word_1_64' title='bbox 784 1283 833 1341; x_wconf 93' lang='lat' dir='ltr'><strong>est</strong></span> <span class='ocrx_word' id='word_1_65' title='bbox 860 1271 949 1339; x_wconf 90' lang='lat' dir='ltr'><strong>caelo</strong></span> <span class='ocrx_word' id='word_1_66' title='bbox 970 1293 1065 1423; x_wconf 58' lang='lat' dir='ltr'><strong>:paam</strong></span> <span class='ocrx_word' id='word_1_67' title='bbox 1086 1280 1202 1339; x_wconf 78' lang='lat' dir='ltr'><strong>terrae,</strong></span> 
     </span>
     <span class='ocr_line' id='line_1_11' title="bbox 59 1353 1247 1446; baseline -0.002 -24"><span class='ocrx_word' id='word_1_68' title='bbox 59 1360 171 1422; x_wconf 82' lang='lat' dir='ltr'><strong>Omne</strong></span> <span class='ocrx_word' id='word_1_69' title='bbox 192 1359 293 1436; x_wconf 86' lang='lat' dir='ltr'><strong>euim,</strong></span> <span class='ocrx_word' id='word_1_70' title='bbox 315 1353 404 1444; x_wconf 84' lang='lat' dir='ltr'><strong>quod·</strong></span> <span class='ocrx_word' id='word_1_71' title='bbox 424 1357 584 1439; x_wconf 76' lang='lat' dir='ltr'><strong>continet,</strong></span> <span class='ocrx_word' id='word_1_72' title='bbox 606 1381 702 1446; x_wconf 87' lang='lat' dir='ltr'><strong>supra</strong></span> <span class='ocrx_word' id='word_1_73' title='bbox 721 1357 796 1424; x_wconf 94' lang='lat' dir='ltr'><strong>illud</strong></span> <span class='ocrx_word' id='word_1_74' title='bbox 817 1369 882 1438; x_wconf 86' lang='lat' dir='ltr'><strong>est,</strong></span> <span class='ocrx_word' id='word_1_75' title='bbox 907 1379 970 1446; x_wconf 90' lang='lat' dir='ltr'><strong>quo</strong></span> <span class='ocrx_word' id='word_1_76' title='bbox 1015 1357 1202 1423; x_wconf 89' lang='lat' dir='ltr'><strong>continetur.</strong></span> <span class='ocrx_word' id='word_1_77' title='bbox 1210 1370 1247 1420; x_wconf 87' lang='lat' dir='ltr'><strong>lo</strong></span> 
     </span>
     <span class='ocr_line' id='line_1_12' title="bbox 59 1436 1204 1532; baseline -0.001 -23"><span class='ocrx_word' id='word_1_78' title='bbox 59 1443 216 1532; x_wconf 86' lang='lat' dir='ltr'><strong>Neptuno</strong></span> <span class='ocrx_word' id='word_1_79' title='bbox 238 1436 345 1510; x_wconf 72' lang='lat' dir='ltr'><strong>autem</strong></span> <span class='ocrx_word' id='word_1_80' title='bbox 373 1440 581 1530; x_wconf 65' lang='lat' dir='ltr'><strong>Amphitriten</strong></span> <span class='ocrx_word' id='word_1_81' title='bbox 603 1445 635 1510; x_wconf 91' lang='lat' dir='ltr'><strong>in</strong></span> <span class='ocrx_word' id='word_1_82' title='bbox 656 1466 789 1510; x_wconf 81' lang='lat' dir='ltr'><strong>uxorem</strong></span> <span class='ocrx_word' id='word_1_83' title='bbox 810 1443 966 1531; x_wconf 86' lang='lat' dir='ltr'><strong>deputant</strong></span> <span class='ocrx_word' id='word_1_84' title='bbox 985 1436 1095 1528; x_wconf 74' lang='grc' dir='ltr'>(ἀμφὶ</span> <span class='ocrx_word' id='word_1_85' title='bbox 1121 1442 1204 1508; x_wconf 90' lang='lat' dir='ltr'><strong>enim</strong></span> 
     </span>
     <span class='ocr_line' id='line_1_13' title="bbox 61 1525 1205 1618; baseline -0.003 -25"><span class='ocrx_word' id='word_1_86' title='bbox 61 1530 194 1594; x_wconf 78' lang='lat' dir='ltr'><strong>Graece</strong></span> <span class='ocrx_word' id='word_1_87' title='bbox 218 1528 316 1593; x_wconf 78' lang='lat' dir='ltr'><strong>circa</strong></span> <span class='ocrx_word' id='word_1_88' title='bbox 341 1525 510 1614; x_wconf 81' lang='lat' dir='ltr'><strong>dicimus),</strong></span> <span class='ocrx_word' id='word_1_89' title='bbox 544 1552 584 1594; x_wconf 90' lang='lat' dir='ltr'><strong>eo</strong></span> <span class='ocrx_word' id='word_1_90' title='bbox 607 1529 694 1618; x_wconf 90' lang='lat' dir='ltr'><strong>quod</strong></span> <span class='ocrx_word' id='word_1_91' title='bbox 715 1529 816 1596; x_wconf 88' lang='lat' dir='ltr'><strong>tribus</strong></span> <span class='ocrx_word' id='word_1_92' title='bbox 839 1527 1001 1594; x_wconf 85' lang='lat' dir='ltr'><strong>elementis</strong></span> <span class='ocrx_word' id='word_1_93' title='bbox 1022 1548 1106 1614; x_wconf 89' lang='lat' dir='ltr'><strong>aqua</strong></span> <span class='ocrx_word' id='word_1_94' title='bbox 1127 1549 1205 1592; x_wconf 92' lang='lat' dir='ltr'><strong>con-</strong></span> 
     </span>
     <span class='ocr_line' id='line_1_14' title="bbox 60 1606 1240 1715; baseline 0.001 -36"><span class='ocrx_word' id='word_1_95' title='bbox 60 1613 150 1681; x_wconf 85' lang='lat' dir='ltr'><strong>clusa</strong></span> <span class='ocrx_word' id='word_1_96' title='bbox 172 1614 223 1682; x_wconf 78' lang='lat' dir='ltr'><strong>sit</strong></span> <span class='ocrx_word' id='word_1_97' title='bbox 264 1611 345 1679; x_wconf 89' lang='lat' dir='ltr'><strong>Ideo</strong></span> <span class='ocrx_word' id='word_1_98' title='bbox 363 1606 436 1679; x_wconf 85' lang='lat' dir='ltr'><strong>edm</strong></span> <span class='ocrx_word' id='word_1_99' title='bbox 457 1614 628 1682; x_wconf 84' lang='lat' dir='ltr'><strong>tridentem</strong></span> <span class='ocrx_word' id='word_1_100' title='bbox 649 1615 759 1682; x_wconf 87' lang='lat' dir='ltr'><strong>dicunt</strong></span> <span class='ocrx_word' id='word_1_101' title='bbox 779 1616 918 1694; x_wconf 86' lang='lat' dir='ltr'><strong>babere,</strong></span> <span class='ocrx_word' id='word_1_102' title='bbox 949 1611 1024 1715; x_wconf 78' lang='lat' dir='ltr'><strong>quia</strong></span> <span class='ocrx_word' id='word_1_103' title='bbox 1046 1634 1131 1701; x_wconf 88' lang='lat' dir='ltr'><strong>aqua</strong></span> <span class='ocrx_word' id='word_1_104' title='bbox 1149 1612 1205 1680; x_wconf 89' lang='lat' dir='ltr'><strong>tri-</strong></span> <span class='ocrx_word' id='word_1_105' title='bbox 1238 1689 1240 1693; x_wconf 67' lang='lat'><strong>,</strong></span> 
     </span>
     <span class='ocr_line' id='line_1_15' title="bbox 61 1698 980 1791; baseline 0 -25"><span class='ocrx_word' id='word_1_106' title='bbox 61 1700 135 1789; x_wconf 87' lang='lat' dir='ltr'><strong>plici</strong></span> <span class='ocrx_word' id='word_1_107' title='bbox 159 1700 312 1788; x_wconf 79' lang='lat' dir='ltr'><strong>fungatur</strong></span> <span class='ocrx_word' id='word_1_108' title='bbox 334 1698 466 1784; x_wconf 77' lang='lat' dir='ltr'><strong>virtute,</strong></span> <span class='ocrx_word' id='word_1_109' title='bbox 494 1699 631 1790; x_wconf 86' lang='lat' dir='ltr'><strong>liquida,</strong></span> <span class='ocrx_word' id='word_1_110' title='bbox 660 1699 818 1786; x_wconf 86' lang='lat' dir='ltr'><strong>secunda,</strong></span> <span class='ocrx_word' id='word_1_111' title='bbox 841 1698 980 1791; x_wconf 83' lang='lat' dir='ltr'><strong>potabib.</strong></span> 
     </span>
    </p>
   </div>
   <div class='ocr_carea' id='block_1_6' title="bbox 503 1943 1301 2040">
    <p class='ocr_par' dir='ltr' id='par_1_6' title="bbox 503 1943 1301 2040">
     <span class='ocr_line' id='line_1_16' title="bbox 503 1943 1301 2040; baseline 0.004 -12"><span class='ocrx_word' id='word_1_112' title='bbox 503 1951 569 2028; x_wconf 78' lang='lat'><strong>10.</strong></span> <span class='ocrx_word' id='word_1_113' title='bbox 621 1954 792 2030; x_wconf 78' lang='lat' dir='ltr'><strong>Pluto.</strong></span> <span class='ocrx_word' id='word_1_114' title='bbox 937 1951 940 1955; x_wconf 53' lang='grc'><em>’</em></span> <span class='ocrx_word' id='word_1_115' title='bbox 1196 1943 1248 2040; x_wconf 39' lang='grc'><strong>’15</strong></span> <span class='ocrx_word' id='word_1_116' title='bbox 1298 2008 1301 2013; x_wconf 76' lang='lat'><strong>,</strong></span> 
     </span>
    </p>
   </div>
   <div class='ocr_carea' id='block_1_7' title="bbox 46 2072 1244 2426">
    <p class='ocr_par' dir='ltr' id='par_1_7' title="bbox 46 2072 1244 2426">
     <span class='ocr_line' id='line_1_17' title="bbox 54 2072 1244 2170; baseline 0 -28"><span class='ocrx_word' id='word_1_117' title='bbox 54 2073 58 2083; x_wconf 77' lang='grc'>’</span> <span class='ocrx_word' id='word_1_118' title='bbox 149 2072 322 2144; x_wconf 88' lang='lat' dir='ltr'><strong>Plutonem</strong></span> <span class='ocrx_word' id='word_1_119' title='bbox 365 2080 475 2149; x_wconf 88' lang='lat' dir='ltr'><strong>dicunt</strong></span> <span class='ocrx_word' id='word_1_120' title='bbox 509 2092 681 2160; x_wconf 42' lang='lat' dir='ltr'><strong>terrarum,</strong></span> <span class='ocrx_word' id='word_1_121' title='bbox 697 2077 894 2170; x_wconf 82' lang='lat' dir='ltr'><strong>praesulem3</strong></span> <span class='ocrx_word' id='word_1_122' title='bbox 935 2077 1082 2153; x_wconf 77' lang='grc' dir='ltr'><strong><em>πλοῦτος</em></strong></span> <span class='ocrx_word' id='word_1_123' title='bbox 1124 2075 1208 2142; x_wconf 86' lang='lat' dir='ltr'><strong>enim</strong></span> <span class='ocrx_word' id='word_1_124' title='bbox 1241 2100 1244 2105; x_wconf 91' lang='lat'>·</span> 
     </span>
     <span class='ocr_line' id='line_1_18' title="bbox 46 2160 1208 2254; baseline -0.002 -26"><span class='ocrx_word' id='word_1_125' title='bbox 46 2165 195 2230; x_wconf 83' lang='lat' dir='ltr'><strong>&#39;Graece</strong></span> <span class='ocrx_word' id='word_1_126' title='bbox 215 2164 364 2231; x_wconf 80' lang='lat' dir='ltr'><strong>divitiae</strong></span> <span class='ocrx_word' id='word_1_127' title='bbox 384 2166 542 2245; x_wconf 86' lang='lat' dir='ltr'><strong>dicuutur,</strong></span> <span class='ocrx_word' id='word_1_128' title='bbox 564 2167 638 2235; x_wconf 87' lang='lat' dir='ltr'><strong>solis</strong></span> <span class='ocrx_word' id='word_1_129' title='bbox 657 2168 750 2254; x_wconf 81' lang='lat' dir='ltr'><strong>terris</strong></span> <span class='ocrx_word' id='word_1_130' title='bbox 774 2166 897 2234; x_wconf 88' lang='lat' dir='ltr'><strong>divitias</strong></span> <span class='ocrx_word' id='word_1_131' title='bbox 918 2163 1086 2243; x_wconf 85' lang='lat' dir='ltr'><strong>credentes</strong></span> <span class='ocrx_word' id='word_1_132' title='bbox 1106 2160 1208 2249; x_wconf 83' lang='lat' dir='ltr'><strong>depu-</strong></span> 
     </span>
     <span class='ocr_line' id='line_1_19' title="bbox 62 2247 1207 2344; baseline -0.001 -28"><span class='ocrx_word' id='word_1_133' title='bbox 62 2249 136 2316; x_wconf 86' lang='lat' dir='ltr'><strong>tari.</strong></span> <span class='ocrx_word' id='word_1_134' title='bbox 180 2249 279 2315; x_wconf 89' lang='lat' dir='ltr'><strong>Hunc</strong></span> <span class='ocrx_word' id='word_1_135' title='bbox 307 2261 340 2317; x_wconf 91' lang='lat' dir='ltr'><strong>et</strong></span> <span class='ocrx_word' id='word_1_136' title='bbox 369 2253 493 2321; x_wconf 89' lang='lat' dir='ltr'><strong>Orcum</strong></span> <span class='ocrx_word' id='word_1_137' title='bbox 521 2253 648 2336; x_wconf 87' lang='lat' dir='ltr'><strong>dicunt,</strong></span> <span class='ocrx_word' id='word_1_138' title='bbox 681 2250 773 2344; x_wconf 87' lang='lat' dir='ltr'><strong>qnasi</strong></span> <span class='ocrx_word' id='word_1_139' title='bbox 791 2252 995 2342; x_wconf 81' lang='lat' dir='ltr'><strong>jurantem,</strong></span> <span class='ocrx_word' id='word_1_140' title='bbox 1028 2272 1070 2316; x_wconf 90' lang='lat' dir='ltr'><strong>ne</strong></span> <span class='ocrx_word' id='word_1_141' title='bbox 1096 2247 1207 2338; x_wconf 87' lang='lat' dir='ltr'><strong>aliquis</strong></span> 
     </span>
     <span class='ocr_line' id='line_1_20' title="bbox 61 2335 362 2426; baseline 0.01 -24"><span class='ocrx_word' id='word_1_142' title='bbox 61 2335 238 2426; x_wconf 78' lang='lat' dir='ltr'><strong>impunitus</strong></span> <span class='ocrx_word' id='word_1_143' title='bbox 257 2335 362 2405; x_wconf 83' lang='lat' dir='ltr'><strong>abeat</strong></span> 
     </span>
    </p>
   </div>
   <div class='ocr_carea' id='block_1_8' title="bbox 408 2542 1299 2641">
    <p class='ocr_par' dir='ltr' id='par_1_8' title="bbox 408 2542 1299 2641">
     <span class='ocr_line' id='line_1_21' title="bbox 408 2542 1299 2641; baseline 0.006 -5"><span class='ocrx_word' id='word_1_144' title='bbox 408 2558 474 2636; x_wconf 76' lang='lat' dir='ltr'><strong>dl:</strong></span> <span class='ocrx_word' id='word_1_145' title='bbox 523 2542 875 2635; x_wconf 70' lang='lat' dir='ltr'><strong>Tricerberus.</strong></span> <span class='ocrx_word' id='word_1_146' title='bbox 1213 2592 1251 2641; x_wconf 80' lang='lat'><strong>20</strong></span> <span class='ocrx_word' id='word_1_147' title='bbox 1297 2610 1299 2615; x_wconf 96' lang='lat'>·</span> 
     </span>
    </p>
   </div>
   <div class='ocr_carea' id='block_1_9' title="bbox 58 2684 1273 3207">
    <p class='ocr_par' dir='ltr' id='par_1_9' title="bbox 58 2684 1273 3207">
     <span class='ocr_line' id='line_1_22' title="bbox 151 2684 1209 2778; baseline 0.003 -28"><span class='ocrx_word' id='word_1_148' title='bbox 151 2684 381 2764; x_wconf 74' lang='lat' dir='ltr'><strong>Tricerberum</strong></span> <span class='ocrx_word' id='word_1_149' title='bbox 418 2710 530 2757; x_wconf 88' lang='lat' dir='ltr'><strong>canem</strong></span> <span class='ocrx_word' id='word_1_150' title='bbox 568 2689 636 2778; x_wconf 90' lang='lat' dir='ltr'><strong>ejus</strong></span> <span class='ocrx_word' id='word_1_151' title='bbox 668 2688 837 2778; x_wconf 88' lang='lat' dir='ltr'><strong>subjiciunt</strong></span> <span class='ocrx_word' id='word_1_152' title='bbox 869 2687 1024 2777; x_wconf 88' lang='lat' dir='ltr'><strong>pedibus,</strong></span> <span class='ocrx_word' id='word_1_153' title='bbox 1057 2686 1105 2754; x_wconf 83' lang='lat' dir='ltr'><strong>vel</strong></span> <span class='ocrx_word' id='word_1_154' title='bbox 1134 2687 1209 2775; x_wconf 77' lang='lat' dir='ltr'><strong>quia</strong></span> 
     </span>
     <span class='ocr_line' id='line_1_23' title="bbox 60 2771 1241 2873; baseline -0.001 -35"><span class='ocrx_word' id='word_1_155' title='bbox 60 2771 246 2873; x_wconf 69' lang='lat' dir='ltr'><strong>jurgiorum</strong></span> <span class='ocrx_word' id='word_1_156' title='bbox 274 2772 390 2843; x_wconf 85' lang='lat' dir='ltr'><strong>invidia</strong></span> <span class='ocrx_word' id='word_1_157' title='bbox 418 2776 556 2843; x_wconf 89' lang='lat' dir='ltr'><strong>ternario</strong></span> <span class='ocrx_word' id='word_1_158' title='bbox 584 2776 741 2843; x_wconf 86' lang='lat' dir='ltr'><strong>conflatur</strong></span> <span class='ocrx_word' id='word_1_159' title='bbox 762 2785 865 2854; x_wconf 88' lang='lat' dir='ltr'><strong>statu,</strong></span> <span class='ocrx_word' id='word_1_160' title='bbox 898 2773 1049 2852; x_wconf 87' lang='lat' dir='ltr'><strong>naturali,</strong></span> <span class='ocrx_word' id='word_1_161' title='bbox 1079 2773 1207 2853; x_wconf 87' lang='lat' dir='ltr'><strong>causali,</strong></span> <span class='ocrx_word' id='word_1_162' title='bbox 1236 2850 1241 2861; x_wconf 67' lang='lat'>‚</span> 
     </span>
     <span class='ocr_line' id='line_1_24' title="bbox 64 2856 1233 2949; baseline -0.002 -23"><span class='ocrx_word' id='word_1_163' title='bbox 64 2856 265 2926; x_wconf 83' lang='lat' dir='ltr'><strong>acordentali.</strong></span> <span class='ocrx_word' id='word_1_164' title='bbox 306 2860 462 2931; x_wconf 81' lang='lat' dir='ltr'><strong>Naturale</strong></span> <span class='ocrx_word' id='word_1_165' title='bbox 483 2870 532 2929; x_wconf 86' lang='lat' dir='ltr'><strong>est</strong></span> <span class='ocrx_word' id='word_1_166' title='bbox 554 2860 678 2939; x_wconf 87' lang='lat' dir='ltr'><strong>odium,</strong></span> <span class='ocrx_word' id='word_1_167' title='bbox 706 2873 744 2929; x_wconf 92' lang='lat' dir='ltr'><strong>ut</strong></span> <span class='ocrx_word' id='word_1_168' title='bbox 765 2884 897 2938; x_wconf 90' lang='lat' dir='ltr'><strong>canum,</strong></span> <span class='ocrx_word' id='word_1_169' title='bbox 922 2861 1087 2949; x_wconf 83' lang='lat' dir='ltr'><strong>leporum,</strong></span> <span class='ocrx_word' id='word_1_170' title='bbox 1106 2860 1233 2949; x_wconf 25' lang='lat' dir='ltr'><strong>homi--</strong></span> 
     </span>
     <span class='ocr_line' id='line_1_25' title="bbox 65 2943 1273 3033; baseline 0 -23"><span class='ocrx_word' id='word_1_171' title='bbox 65 2958 152 3010; x_wconf 86' lang='lat' dir='ltr'><strong>num.</strong></span> <span class='ocrx_word' id='word_1_172' title='bbox 196 2945 334 3010; x_wconf 88' lang='lat' dir='ltr'><strong>Causale</strong></span> <span class='ocrx_word' id='word_1_173' title='bbox 356 2962 420 3027; x_wconf 91' lang='lat' dir='ltr'><strong>est,</strong></span> <span class='ocrx_word' id='word_1_174' title='bbox 456 2959 492 3015; x_wconf 87' lang='lat' dir='ltr'><strong>ut</strong></span> <span class='ocrx_word' id='word_1_175' title='bbox 518 2947 634 3014; x_wconf 88' lang='lat' dir='ltr'><strong>amoris</strong></span> <span class='ocrx_word' id='word_1_176' title='bbox 663 2945 757 3012; x_wconf 82' lang='lat' dir='ltr'><strong>zelus.</strong></span> <span class='ocrx_word' id='word_1_177' title='bbox 800 2944 1005 3014; x_wconf 86' lang='lat' dir='ltr'><strong>Accidentale</strong></span> <span class='ocrx_word' id='word_1_178' title='bbox 1025 2956 1091 3024; x_wconf 89' lang='lat' dir='ltr'><strong>est,</strong></span> <span class='ocrx_word' id='word_1_179' title='bbox 1120 2943 1207 3033; x_wconf 88' lang='lat' dir='ltr'><strong>quod</strong></span> <span class='ocrx_word' id='word_1_180' title='bbox 1269 2996 1273 3011; x_wconf 45' lang='lat' dir='ltr'><strong>r</strong></span> 
     </span>
     <span class='ocr_line' id='line_1_26' title="bbox 64 3030 1252 3120; baseline 0 -23"><span class='ocrx_word' id='word_1_181' title='bbox 64 3042 123 3097; x_wconf 90' lang='lat' dir='ltr'><strong>aut</strong></span> <span class='ocrx_word' id='word_1_182' title='bbox 144 3051 222 3094; x_wconf 88' lang='lat' dir='ltr'><strong>casu</strong></span> <span class='ocrx_word' id='word_1_183' title='bbox 242 3030 360 3114; x_wconf 91' lang='lat' dir='ltr'><strong>oritur,</strong></span> <span class='ocrx_word' id='word_1_184' title='bbox 390 3046 426 3101; x_wconf 91' lang='lat' dir='ltr'><strong>ut</strong></span> <span class='ocrx_word' id='word_1_185' title='bbox 451 3032 647 3114; x_wconf 89' lang='lat' dir='ltr'><strong>hominibus;</strong></span> <span class='ocrx_word' id='word_1_186' title='bbox 674 3044 730 3099; x_wconf 90' lang='lat' dir='ltr'><strong>aut</strong></span> <span class='ocrx_word' id='word_1_187' title='bbox 749 3045 880 3120; x_wconf 77' lang='lat' dir='ltr'><strong>propter</strong></span> <span class='ocrx_word' id='word_1_188' title='bbox 901 3031 1143 3111; x_wconf 81' lang='lat' dir='ltr'><strong>comestionem,</strong></span> <span class='ocrx_word' id='word_1_189' title='bbox 1173 3042 1252 3105; x_wconf 67' lang='lat' dir='ltr'><strong>ntae</strong></span> 
     </span>
     <span class='ocr_line' id='line_1_27' title="bbox 58 3114 1216 3207; baseline -0.002 -24"><span class='ocrx_word' id='word_1_190' title='bbox 58 3114 223 3207; x_wconf 81' lang='lat' dir='ltr'><strong>jumentis.</strong></span> <span class='ocrx_word' id='word_1_191' title='bbox 276 3117 333 3183; x_wconf 90' lang='lat' dir='ltr'><strong>Vel</strong></span> <span class='ocrx_word' id='word_1_192' title='bbox 363 3120 438 3206; x_wconf 86' lang='lat' dir='ltr'><strong>quia</strong></span> <span class='ocrx_word' id='word_1_193' title='bbox 468 3119 630 3185; x_wconf 83' lang='lat' dir='ltr'><strong>Cerberus</strong></span> <span class='ocrx_word' id='word_1_194' title='bbox 660 3127 746 3185; x_wconf 85' lang='lat' dir='ltr'><strong>terra</strong></span> <span class='ocrx_word' id='word_1_195' title='bbox 767 3129 832 3203; x_wconf 87' lang='lat' dir='ltr'><strong>est,</strong></span> <span class='ocrx_word' id='word_1_196' title='bbox 867 3120 1006 3185; x_wconf 90' lang='lat' dir='ltr'><strong>omnium</strong></span> <span class='ocrx_word' id='word_1_197' title='bbox 1035 3128 1216 3206; x_wconf 87' lang='lat' dir='ltr'><strong>corporum</strong></span> 
     </span>
    </p>
   </div>
   <div class='ocr_carea' id='block_1_10' title="bbox 63 3197 1211 3354">
    <p class='ocr_par' dir='ltr' id='par_1_10' title="bbox 63 3197 1211 3354">
     <span class='ocr_line' id='line_1_28' title="bbox 64 3197 1211 3296; baseline -0.003 -28"><span class='ocrx_word' id='word_1_198' title='bbox 64 3201 271 3268; x_wconf 85' lang='lat' dir='ltr'><strong>consumtrix.</strong></span> <span class='ocrx_word' id='word_1_199' title='bbox 313 3203 411 3272; x_wconf 85' lang='lat' dir='ltr'><strong>Unde</strong></span> <span class='ocrx_word' id='word_1_200' title='bbox 439 3205 602 3272; x_wconf 81' lang='lat' dir='ltr'><strong>Cerberus</strong></span> <span class='ocrx_word' id='word_1_201' title='bbox 630 3203 753 3285; x_wconf 91' lang='lat' dir='ltr'><strong>dictus,</strong></span> <span class='ocrx_word' id='word_1_202' title='bbox 784 3204 876 3292; x_wconf 89' lang='lat' dir='ltr'><strong>quasi</strong></span> <span class='ocrx_word' id='word_1_203' title='bbox 897 3197 1092 3296; x_wconf 73' lang='grc' dir='ltr'><strong><em>κρεοβόρος,</em></strong></span> <span class='ocrx_word' id='word_1_204' title='bbox 1127 3224 1211 3269; x_wconf 54' lang='lat' dir='ltr'><strong>cnr-³</strong></span> 
     </span>
     <span class='ocr_line' id='line_1_29' title="bbox 63 3309 303 3354; baseline 0 -1"><span class='ocrx_word' id='word_1_205' title='bbox 63 3311 145 3354; x_wconf 87' lang='lat' dir='ltr'><strong>nem</strong></span> <span class='ocrx_word' id='word_1_206' title='bbox 165 3309 303 3354; x_wconf 79' lang='lat' dir='ltr'><strong>vorans.</strong></span> 
     </span>
    </p>
   </div>
   <div class='ocr_carea' id='block_1_11' title="bbox 361 3512 915 3589">
    <p class='ocr_par' dir='ltr' id='par_1_11' title="bbox 361 3512 915 3589">
     <span class='ocr_line' id='line_1_30' title="bbox 361 3512 915 3589; baseline -0.007 0"><span class='ocrx_word' id='word_1_207' title='bbox 361 3512 429 3589; x_wconf 77' lang='lat'><strong>12.</strong></span> <span class='ocrx_word' id='word_1_208' title='bbox 481 3513 647 3588; x_wconf 82' lang='lat' dir='ltr'><strong>Furiae</strong></span> <span class='ocrx_word' id='word_1_209' title='bbox 686 3512 915 3588; x_wconf 86' lang='lat' dir='ltr'><strong>Plutonis.</strong></span> 
     </span>
    </p>
   </div>
   <div class='ocr_carea' id='block_1_12' title="bbox 10 3638 1253 4308">
    <p class='ocr_par' dir='ltr' id='par_1_12' title="bbox 10 3638 1253 4308">
     <span class='ocr_line' id='line_1_31' title="bbox 154 3638 1252 3720; baseline 0.004 -16"><span class='ocrx_word' id='word_1_210' title='bbox 154 3638 285 3706; x_wconf 89' lang='lat' dir='ltr'><strong>Plutoni</strong></span> <span class='ocrx_word' id='word_1_211' title='bbox 315 3653 381 3710; x_wconf 88' lang='lat' dir='ltr'><strong>tres</strong></span> <span class='ocrx_word' id='word_1_212' title='bbox 418 3640 600 3708; x_wconf 88' lang='lat' dir='ltr'><strong>deserviunt</strong></span> <span class='ocrx_word' id='word_1_213' title='bbox 630 3639 768 3720; x_wconf 87' lang='lat' dir='ltr'><strong>Furiae,</strong></span> <span class='ocrx_word' id='word_1_214' title='bbox 805 3640 919 3708; x_wconf 90' lang='lat' dir='ltr'><strong>Noctis</strong></span> <span class='ocrx_word' id='word_1_215' title='bbox 953 3649 986 3706; x_wconf 91' lang='lat' dir='ltr'><strong>et</strong></span> <span class='ocrx_word' id='word_1_216' title='bbox 1019 3638 1252 3707; x_wconf 80' lang='lat' dir='ltr'><strong>Acheruntisao</strong></span> 
     </span>
     <span class='ocr_line' id='line_1_32' title="bbox 66 3717 1210 3821; baseline 0.002 -31"><span class='ocrx_word' id='word_1_217' title='bbox 66 3723 168 3806; x_wconf 87' lang='lat' dir='ltr'><strong>filiae,</strong></span> <span class='ocrx_word' id='word_1_218' title='bbox 202 3730 401 3821; x_wconf 75' lang='lat' dir='ltr'><strong>serpentibus</strong></span> <span class='ocrx_word' id='word_1_219' title='bbox 432 3729 580 3808; x_wconf 87' lang='lat' dir='ltr'><strong>crinitae,</strong></span> <span class='ocrx_word' id='word_1_220' title='bbox 613 3748 697 3813; x_wconf 87' lang='lat' dir='ltr'><strong>quae</strong></span> <span class='ocrx_word' id='word_1_221' title='bbox 732 3738 766 3793; x_wconf 88' lang='lat' dir='ltr'><strong>et</strong></span> <span class='ocrx_word' id='word_1_222' title='bbox 784 3724 980 3792; x_wconf 81' lang='lat' dir='ltr'><strong>Eumenides</strong></span> <span class='ocrx_word' id='word_1_223' title='bbox 1010 3717 1082 3793; x_wconf 77' lang='grc' dir='ltr'><strong>κατ’</strong></span> <span class='ocrx_word' id='word_1_224' title='bbox 1112 3721 1210 3793; x_wconf 72' lang='grc' dir='ltr'><em>ἀντί-</em></span> 
     </span>
     <span class='ocr_line' id='line_1_33' title="bbox 67 3811 1210 3898; baseline -0.003 -20"><span class='ocrx_word' id='word_1_225' title='bbox 67 3837 212 3898; x_wconf 76' lang='grc' dir='ltr'><strong><em>φρασιν,</em></strong></span> <span class='ocrx_word' id='word_1_226' title='bbox 257 3835 330 3878; x_wconf 91' lang='lat' dir='ltr'><strong>uum</strong></span> <span class='ocrx_word' id='word_1_227' title='bbox 353 3813 480 3881; x_wconf 89' lang='lat' dir='ltr'><strong>minime</strong></span> <span class='ocrx_word' id='word_1_228' title='bbox 502 3812 565 3880; x_wconf 89' lang='lat' dir='ltr'><strong>sint</strong></span> <span class='ocrx_word' id='word_1_229' title='bbox 587 3814 708 3890; x_wconf 84' lang='lat' dir='ltr'><strong>bonae,</strong></span> <span class='ocrx_word' id='word_1_230' title='bbox 736 3826 899 3881; x_wconf 83' lang='lat' dir='ltr'><strong>vocantur.</strong></span> <span class='ocrx_word' id='word_1_231' title='bbox 943 3812 1086 3886; x_wconf 86' lang='lat' dir='ltr'><strong>Quarum</strong></span> <span class='ocrx_word' id='word_1_232' title='bbox 1107 3811 1210 3897; x_wconf 85' lang='lat' dir='ltr'><strong>prima</strong></span> 
     </span>
     <span class='ocr_line' id='line_1_34' title="bbox 10 3835 1210 3988; baseline 0.001 -27"><span class='ocrx_word' id='word_1_233' title='bbox 10 3920 18 3949; x_wconf 65' lang='lat' dir='ltr'><strong>t</strong></span> <span class='ocrx_word' id='word_1_234' title='bbox 65 3898 195 3977; x_wconf 77' lang='lat' dir='ltr'><strong>Alecto,</strong></span> <span class='ocrx_word' id='word_1_235' title='bbox 215 3835 313 3965; x_wconf 81' lang='lat' dir='ltr'><strong>idest</strong></span> <span class='ocrx_word' id='word_1_236' title='bbox 326 3898 579 3988; x_wconf 79' lang='lat' dir='ltr'><strong>irrpauaabilis;</strong></span> <span class='ocrx_word' id='word_1_237' title='bbox 603 3896 952 3986; x_wconf 71' lang='lat' dir='ltr'><strong>secunda&#39;l&#39;isiplrone3</strong></span> <span class='ocrx_word' id='word_1_238' title='bbox 973 3899 1061 3984; x_wconf 81' lang='lat' dir='ltr'><strong>quasi</strong></span> <span class='ocrx_word' id='word_1_239' title='bbox 1080 3893 1210 3966; x_wconf 72' lang='grc' dir='ltr'><em>τούτων</em></span> 
     </span>
     <span class='ocr_line' id='line_1_35' title="bbox 68 3976 1210 4073; baseline -0.002 -23"><span class='ocrx_word' id='word_1_240' title='bbox 68 3979 180 4069; x_wconf 72' lang='grc' dir='ltr'><em>φωνὴ,</em></span> <span class='ocrx_word' id='word_1_241' title='bbox 213 3982 319 4050; x_wconf 90' lang='lat' dir='ltr'><strong>idest</strong></span> <span class='ocrx_word' id='word_1_242' title='bbox 347 3987 499 4050; x_wconf 81' lang='lat' dir='ltr'><strong>istarum</strong></span> <span class='ocrx_word' id='word_1_243' title='bbox 521 4006 604 4063; x_wconf 81' lang='lat' dir='ltr'><strong>vox3</strong></span> <span class='ocrx_word' id='word_1_244' title='bbox 640 3985 733 4055; x_wconf 85' lang='lat' dir='ltr'><strong>tertia</strong></span> <span class='ocrx_word' id='word_1_245' title='bbox 755 3984 926 4073; x_wconf 83' lang='lat' dir='ltr'><strong>Megaera,</strong></span> <span class='ocrx_word' id='word_1_246' title='bbox 960 3984 1050 4070; x_wconf 83' lang='lat' dir='ltr'><strong>quasi</strong></span> <span class='ocrx_word' id='word_1_247' title='bbox 1078 3976 1210 4070; x_wconf 76' lang='grc' dir='ltr'><em>μεγάλη</em></span> 
     </span>
     <span class='ocr_line' id='line_1_36' title="bbox 10 4066 1253 4159; baseline 0 -24"><span class='ocrx_word' id='word_1_248' title='bbox 10 4066 12 4074; x_wconf 74' lang='grc'><strong>’</strong></span> <span class='ocrx_word' id='word_1_249' title='bbox 67 4077 149 4157; x_wconf 76' lang='grc' dir='ltr'><strong><em>ἔρις,</em></strong></span> <span class='ocrx_word' id='word_1_250' title='bbox 181 4066 216 4134; x_wconf 89' lang='lat' dir='ltr'><strong>id</strong></span> <span class='ocrx_word' id='word_1_251' title='bbox 249 4082 298 4136; x_wconf 88' lang='lat' dir='ltr'><strong>est</strong></span> <span class='ocrx_word' id='word_1_252' title='bbox 328 4093 462 4159; x_wconf 83' lang='lat' dir='ltr'><strong>magna</strong></span> <span class='ocrx_word' id='word_1_253' title='bbox 490 4069 545 4134; x_wconf 75' lang='lat' dir='ltr'><strong>lia.</strong></span> <span class='ocrx_word' id='word_1_254' title='bbox 595 4069 737 4135; x_wconf 88' lang='lat' dir='ltr'><strong>Primum</strong></span> <span class='ocrx_word' id='word_1_255' title='bbox 763 4084 813 4140; x_wconf 90' lang='lat' dir='ltr'><strong>est</strong></span> <span class='ocrx_word' id='word_1_256' title='bbox 841 4091 922 4156; x_wconf 85' lang='lat' dir='ltr'><strong>ergo</strong></span> <span class='ocrx_word' id='word_1_257' title='bbox 952 4091 1016 4134; x_wconf 90' lang='lat' dir='ltr'><strong>non</strong></span> <span class='ocrx_word' id='word_1_258' title='bbox 1042 4066 1253 4156; x_wconf 79' lang='lat' dir='ltr'><strong>pausando³5</strong></span> 
     </span>
     <span class='ocr_line' id='line_1_37' title="bbox 66 4153 1207 4308; baseline -0.002 -89"><span class='ocrx_word' id='word_1_259' title='bbox 66 4153 194 4308; x_wconf 50' lang='lat' dir='ltr'><strong>{plrerm</strong></span> <span class='ocrx_word' id='word_1_260' title='bbox 223 4153 401 4224; x_wconf 87' lang='lat' dir='ltr'><strong>secundum</strong></span> <span class='ocrx_word' id='word_1_261' title='bbox 428 4156 584 4226; x_wconf 78' lang='lat' dir='ltr'><strong>invoces</strong></span> <span class='ocrx_word' id='word_1_262' title='bbox 609 4176 795 4246; x_wconf 87' lang='lat' dir='ltr'><strong>erumpere,</strong></span> <span class='ocrx_word' id='word_1_263' title='bbox 824 4158 952 4226; x_wconf 88' lang='lat' dir='ltr'><strong>tertium</strong></span> <span class='ocrx_word' id='word_1_264' title='bbox 968 4154 1112 4244; x_wconf 79' lang='lat' dir='ltr'><strong>jurgium</strong></span> <span class='ocrx_word' id='word_1_265' title='bbox 1132 4175 1207 4242; x_wconf 87' lang='lat' dir='ltr'><strong>pro-</strong></span> 
     </span>
    </p>

    <p class='ocr_par' dir='ltr' id='par_1_13' title="bbox 108 4262 949 4308">
     <span class='ocr_line' id='line_1_38' title="bbox 108 4262 949 4308; baseline 0 -20"><span class='ocrx_word' id='word_1_266' title='bbox 108 4262 175 4308; x_wconf 62' lang='lat' dir='ltr'><em>m</em></span> <span class='ocrx_word' id='word_1_267' title='bbox 527 4272 531 4281; x_wconf 86' lang='lat'><strong>¹</strong></span> <span class='ocrx_word' id='word_1_268' title='bbox 947 4284 949 4288; x_wconf 95' lang='lat'>.</span> 
     </span>
    </p>
   </div>
   <div class='ocr_carea' id='block_1_13' title="bbox 0 0 1356 4606">
    <p class='ocr_par' dir='ltr' id='par_1_14' title="bbox 0 0 1356 4606">
     <span class='ocr_line' id='line_1_39' title="bbox 0 0 1356 4606; baseline 0 0"><span class='ocrx_word' id='word_1_269' title='bbox 0 0 1356 4606; x_wconf 95' lang='lat' dir='ltr'><strong> </strong></span> 
     </span>
    </p>
   </div>
  </div>
 </body>
</html>
