2684 4606
157 180 242 257 acc
355 234 358 241 ,
474 180 658 282 upaogr.
694 179 767 253 ιιι.
820 134 862 303 a.
888 218 893 227 -
916 179 981 253 aa.

159 367 265 435 variae
286 365 426 433 omnium
450 363 649 453 planetarum
670 361 1087 449 motiones·significentur.¹
1141 365 1245 434 Unde
1269 378 1296 435 et

160 453 297 520 circulus
315 453 384 540 ipse
406 450 523 516 Latine
546 449 697 536 signifer,
720 448 850 515 Graece
872 471 948 514 vero
970 446 1126 531 ζωδιακὸς
1150 477 1170 518 a
1193 454 1298 541 godigo,

59 602 65 616 ,,
159 539 193 605 id
215 549 265 604 est
285 537 404 624 signo,
425 546 636 623 nuncupatur.
675 534 763 619 ,Nam
785 532 871 622 quod
893 557 913 599 a
935 537 1064 603 Graeco
1086 533 1172 623 ζωὴ,
1203 538 1239 604 id
1258 550 1318 605 esr-

159 627 236 689 vito
255 624 303 689 rei
324 622 465 699 areima,
487 632 520 687 et
540 613 704 702 ζωδιακὸς,
726 618 760 684 id
783 630 832 686 est
850 621 1036 701 animalis,
1054 624 1095 687 ob
1120 623 1298 691 animalium

135 711 283 795 sfiguras
303 707 334 771 iu
362 704 568 793 eoldepictas
591 704 696 793 dictus
715 706 772 784 sit,
806 704 938 807 poetica
968 704 1113 772 illusione
1136 710 1299 797 excogita·

158 809 226 861 tum
260 792 391 869 videtur.
446 789 575 856 Deinde
606 802 642 857 ut
677 789 907 877 expeditiorem
940 793 1142 860 sermonibus
1176 797 1246 861 suis
1272 804 1299 859 et

160 879 313 946 doctrinis
337 877 417 942 viam
440 876 601 954 facerent,
641 875 774 962 singulis
803 875 917 963 figuris
950 890 1039 944 certa
1067 880 1229 945 rocabuia
1258 878 1299 944 iu

161 964 328 1043 diderunt;
351 973 384 1028 et
406 962 568 1027 nominum
588 961 770 1028 diversitate
793 961 908 1049 aliqua,
929 971 966 1027 ut
985 963 1130 1050 ipsorum
1154 957 1299 1034 editidui·

161 1052 220 1117 bus
240 1047 441 1136 repperirent
460 1058 525 1114 tem
549 1068 641 1112 orum
662 1047 836 1126 rationem,
857 1044 1071 1116 attenderunt.
1117 1050 1202 1117 liiud
1225 1072 1299 1137 ergo

119 1135 306 1221 maignum,
339 1134 458 1219 inquo
490 1070 633 1198 soimeri
656 1131 760 1208 factus
773 1132 871 1232 juxta
893 1153 964 1196 com
990 1135 1159 1201 utistarum
1184 1134 1301 1223 dogma

67 1292 70 1297 ,
161 1221 285 1286 locatus
308 1228 374 1296 est,
395 1229 428 1283 et
447 1216 535 1304 quod
556 1215 691 1303 singuiis
710 1239 799 1281 anms
820 1218 931 1303 quinto
949 1156 1074 1285 <decimo
1097 1220 1310 1297 calendarum,

162 1305 274 1393 Apriiis
296 1303 349 1367 die
370 1301 568 1388 ingreditur,
600 1322 696 1389 quem
717 1302 853 1389 primum
873 1326 893 1368 a
912 1303 1068 1391 principio
1091 1307 1207 1373 mundi
1223 1307 1300 1372 diem

162 1392 260 1457 fuisse
291 1390 511 1466 contendunt,¹
544 1387 681 1474 primum
709 1389 875 1474 signorum
905 1387 1090 1467 voluerunt,
1123 1393 1157 1457 id
1192 1392 1300 1459 Arietis

163 1474 327 1552 vocabulo,
351 1474 499 1561 exipsius
525 1473 664 1538 animalis
681 1486 797 1539 natura
816 1472 972 1538 rationem
983 1476 1160 1559 trabentes,
1181 1500 1299 1544 nuncu-

120 1568 297 1650 15paruut,
318 1560 383 1626 sire
404 1571 439 1626 ut
459 1557 610 1625 traditum
633 1559 799 1632 invenitur,
816 1559 891 1644 quia
912 1557 975 1624 hoc
994 1561 1108 1629 animai
1129 1566 1300 1653 praecipua

163 1648 313 1713 cornibus
334 1645 434 1724 vaiet,
466 1642 735 1730 quemadmodum
757 1641 804 1711 sol
828 1665 867 1708 eo
889 1643 930 1708 ab
959 1656 1105 1734 tempore
1135 1648 1179 1715 ad
1209 1650 1299 1716 recoi-

162 1733 297 1799 rendam
330 1745 447 1797 terram
481 1728 613 1795 brumaii
643 1729 752 1814 rigore
785 1727 1006 1811 constrictam,
1045 1732 1214 1801 radiorum
1246 1736 1299 1802 riu

163 1840 296 1884 exerere
315 1816 441 1902 iucipit3
464 1815 530 1880 sire
550 1815 624 1902 quia
644 1814 817 1880 autumnali
839 1815 1058 1901 aequinoctio,
1079 1818 1171 1906 quod
1190 1834 1298 1909 quarta

162 1904 215 1969 die
271 1913 323 1968 ost
350 1902 530 1988 ingressum
561 1899 675 1965 Arietis
704 1899 757 1979 fit,
786 1920 862 1989 per¹
877 1911 976 1966 totam
1017 1915 1175 1971 aestatem
1208 1928 1299 1995 usque

119 1990 206 2063 acad
228 1927 313 2053 aiiud
349 1986 601 2073 aequinoctium,
633 1983 720 2071 quod
742 1986 836 2052 tertio
869 1984 1076 2057 calendarum
1110 1992 1297 2059 octobrium

164 2076 216 2140 die
237 2077 282 2149 fir,
306 2072 469 2150 dextrum,
491 2069 593 2136 idest
614 2070 761 2157 superius
783 2070 1058 2174 hemisphaerium,
1080 2077 1168 2161 quod
1194 2078 1296 2145 eoiuro

164 2157 389 2247 aequinoctiali
418 2156 514 2242 signa
532 2166 698 2242 ,tangente
727 2157 768 2221 ab
799 2156 941 2222 infenori
976 2157 1144 2241 dividitur,
1181 2163 1296 2243 lustret

162 2248 244 2314 sicut
274 2243 350 2310 iilud
382 2253 450 2310 toto
479 2242 542 2307 boc
571 2252 717 2329 tempore
747 2239 862 2309 dextro
894 2241 983 2308 iateri
1016 2245 1118 2329 fertur
1141 2248 1297 2316 incubare.

26 2410 28 2415 A
162 2333 247 2399 Nam
270 2332 390 2418 reii'qua
412 2328 485 2394 anui
502 2325 676 2394 medietate
699 2335 733 2392 et
755 2325 803 2397 sol
824 2326 965 2394 similiter
985 2329 1191 2413 inferiorem,
1220 2334 1298 2401 vido·

119 2418 237 2488 saliret
261 2413 432 2482 australem
465 2413 623 2479 ambitum·
647 2422 818 2501 peragrat,
849 2423 882 2479 et
903 2414 992 2479 Aries
1015 2437 1113 2503 super
1144 2420 1318 2489 sinistrum·

161 2506 244 2571 latus
269 2502 431 2567 incumbit.
474 2499 623 2565 eriores
643 2504 749 2564 tamen
778 2519 815 2562 se
835 2499 1050 2585 perspicacius
1072 2504 1216 2573 sensisse
1234 2506 1318 2585 rati·

162 2590 248 2671 ideo,
269 2589 423 2692 inquiunt,
446 2608 557 2652 mense
569 2583 684 2649 Martio
697 2580 797 2649 solem
818 2581 852 2647 iu
872 2584 978 2651 Ariete
1000 2586 1208 2672 collocamus,
1251 2591 1296 2657 uia

40 2702 44 2715 ·
164 2677 247 2743 sicut
275 2685 390 2740 artetes
420 2673 452 2736 in
480 2668 710 2758 posterioribus
737 2668 869 2748 infirmi,
899 2679 999 2738 totam
1029 2672 1062 2738 in
1091 2678 1242 2743 auteriori
1265 2698 1317 2753 us¹

165 2761 310 2848 corporis
331 2756 549 2829 fortitudinem
572 2755 707 2834 habent,
743 2753 788 2821 ita
818 2763 943 2843 tempus
976 2761 1174 2844 praeteritae
1194 2756 1313 2829 hiemis.

121 2847 352 2933 aointemperie
388 2855 566 2919 mortuum,
604 2852 682 2905 tunc
712 2837 868 2906 redeunte
896 2852 955 2928 p'er
988 2843 1062 2910 solis
1084 2848 1297 2915 accessionem

163 2932 319 3020 temperie
342 2929 506 2994 reformari
529 2937 561 2992 et
581 2927 671 3012 quasi
693 2923 776 3011 erigi
798 2923 908 3012 incipit
930 2927 1134 2997 infuturum.

249 3019 300 3082 12.
343 3016 488 3081 Taurum
510 3011 653 3079 secundo
682 3010 754 3076 ioco
776 3023 967 3097 posuerunt,
1010 3016 1084 3101 quia
1106 3016 1177 3083 soie
1195 3026 1294 3107 parter

162 3102 230 3169 ilias
251 3102 407 3179 adeunte,
432 3102 569 3188 primum
590 3095 675 3185 apud
698 3095 852 3184 quosdam
867 3110 939 3198 post
962 3098 1127 3168 hibernum
1148 3105 1296 3193 rigorem,

164 3192 263 3257 boum
302 3185 429 3271 iabores
462 3184 607 3250 exerceri
622 3212 629 3225 ¹
645 3183 814 3268 incipiunt3
855 3205 921 3248 srve
953 3187 1039 3271 quod
1073 3198 1152 3256 tuno
1190 3210 1296 3255 eorum

121 3297 283 3364 apopera,
324 3273 357 3339 id
391 3281 439 3338 est
486 3279 633 3356 segetes,
669 3267 756 3354 apud
794 3267 966 3356 plerosque
1005 3270 1047 3337 ad
1086 3274 1297 3345 maturitatem

166 3360 317 3436 tendunt,
358 3369 391 3424 et
421 3355 509 3445 apud
544 3352 708 3420 nonnullos
737 3354 770 3418 in
804 3353 1045 3437 ferventioribus
1074 3359 1170 3426 terris
1205 3348 1315 3429 etiau'

24 3501 29 3511 .
52 3486 91 3521 ,.-
163 3457 343 3524 metuntur3
378 3444 444 3510 sire
459 3439 661 3531 juxtaaiios,
684 3440 759 3526 quia
780 3447 890 3505 taurus
910 3440 942 3505 iu
969 3442 1183 3512 anterioribus
1202 3446 1296 3514 mutu

165 3533 280 3600 fortior
306 3539 356 3596 est
377 3528 486 3595 ariete.
528 3527 617 3593 Aries
641 3526 735 3604 enim,
754 3524 918 3611 inquiunt,
939 3526 970 3591 in
990 3527 1059 3594 scia
1078 3531 1202 3615 fronte,
1231 3545 1296 3599 tau·

164 3640 219 3686 rus
240 3636 316 3685 vero
338 3625 371 3681 et
389 3616 421 3680 iu
442 3612 549 3716 capite
570 3621 603 3677 et
623 3611 654 3675 iu
670 3619 807 3698 pectore
828 3621 861 3678 et
880 3621 948 3678 tota
968 3612 1017 3679 iiia
1034 3617 1188 3683 anteriori
1203 3628 1315 3705 ,parte¹

122 3703 385 3780 miordmdinem
417 3711 546 3767 sortitus
581 3706 639 3763 est
697 3695 817 3783 Sicque
847 3695 915 3762 soie
944 3697 1011 3786 jam
1048 3702 1140 3769 nobis
1172 3703 1297 3807 propin-

166 3791 296 3879 quiore,
327 3785 427 3875 major
447 3784 509 3851 inci
532 3784 557 3851 it
575 3781 814 3848 increbrescere
847 3782 962 3847 fervor.
1015 3784 1069 3849 De
1091 3789 1298 3855 Geminorum

166 3878 291 3943 ratione
311 3871 397 4020 quo'd
420 3807 552 3958 protudit
572 3866 883 4017 antiquitas,·magis
906 3868 982 3933 mibi
1005 3868 1184 3940 fabulosum
1206 3892 1315 3963 quan.

166 3962 231 4028 veri
252 3957 351 4025 simie
374 3957 475 4024 visum
498 3966 564 4035 est;
597 3975 682 4018 uue
712 3975 733 4019 a
755 3951 936 4040 Junmribus
968 3955 1076 4020 censui
1111 3959 1218 4025 minus
1239 3958 1306 4031 dis·¹

167 4042 375 4112 sentiendum.
434 4042 616 4128 Pinguntur
649 4058 731 4124 ergo
761 4037 887 4102 Gemini
915 4039 1070 4125 porrectis
1104 4044 1247 4111 brachiis
1266 4060 1316 4127 sej-

124 4128 411 4217 asempiectentes‚
448 4140 481 4194 et
502 4125 591 4214 quasi
611 4123 714 4214 prima
736 4133 842 4191 aetate
861 4124 1095 4211 pubescentem
1136 4131 1222 4197 sicut
1242 4129 1299 4209 iiio,

155 4215 322 4302 inquiunt,
354 4223 500 4304 tempore
522 4211 617 4282 etism
636 4207 806 4279 seminaria
827 4207 989 4280 radicibus
1008 4211 1142 4282 inferius
1165 4214 1300 4285 extends

213 4540 332 4570 Α
