2684 4606
372 154 552 257 alphegi.
579 157 650 230 ιιι,
705 156 745 229 a.
784 156 943 251 ,rs-c.
1149 159 1227 237 roa

94 341 246 431 Pingitur
276 340 387 421 etiam,
426 341 512 431 quod
527 378 530 385 ·
544 341 714 427 praecedat
743 342 828 423 luno
855 343 1013 433 Venerem
1041 344 1073 411 in
1102 346 1227 434 nuptiis,

94 428 170 517 quia
192 439 266 495 ante
287 437 336 493 est
355 427 492 497 lunonis
513 426 657 495 ollicium
677 428 708 495 iu
730 428 954 511 matrimonio,
974 440 1049 517 post
1076 430 1111 497 in
1141 433 1228 501 coitu

94 537 172 581 usus
194 534 356 579 venereus.
678 574 704 597 ⁴.
832 590 835 595 ¹

178 600 208 664 5.
252 598 362 675 Haec,
390 609 424 665 ut
455 596 499 665 ait
523 595 747 684 Fulgentius„
763 592 838 665 ideo
866 599 898 667 ln
921 597 1062 685 Aeneide
1084 600 1226 682 Aeolum,

93 704 210 769 regem
249 693 415 749 ventorum
448 683 544 771 petit,
590 695 628 750 ut
659 680 807 770 'lirojanis
836 684 1039 773 naufragium
1058 685 1249 775 importeto

91 766 1225 955 tttlt?tsstttltiltilt.3t⁰tltntlf¹ttlttttiltt

91 962 170 1005 num
187 952 237 1015 est
248 932 392 1026 pauendi
408 936 625 1027 dispendium,
647 951 680 1008 et
698 934 853 1025 inlantpm
874 940 1024 1009 nascendi
1042 942 1224 1029 periculum.

91 1020 190 1100 Quod
216 1036 253 1091 ut
280 1023 442 1091 evidenter
471 1022 643 1111 intelligas,
678 1018 846 1101 aluuone
874 1025 1003 1113 quidem
1019 1038 1079 1094 est
1102 1038 1241 1115 partus,¹

92 1109 152 1175 sed
173 1108 216 1183 ad
239 1109 441 1196 naufragium
461 1120 645 1196 generatur.
674 1108 759 1175 Nam
779 1110 913 1179 tectum
931 1110 1076 1180 immittit.
1104 1112 1266 1179 Aeoluslo

91 1204 201 1261 autem
228 1194 320 1282 quasi
346 1190 514 1270 Atocrldr
541 1192 673 1258 saeculi
700 1193 866 1259 interitus
900 1197 1133 1284 interpretatur.
1182 1198 1221 1283 ln

90 1280 152 1346 bac
172 1280 256 1346 enim
277 1280 468 1347 necessitate
490 1278 703 1365 universaliter
719 1279 894 1367 bumanum
912 1302 1021 1369 genus
1042 1283 1219 1349 involvitur.
1265 1316 1269 1323 ·
1302 1338 1319 1349 ,.

89 1364 239 1452 Denique
267 1375 300 1432 et
328 1363 426 1431 Aeolo
454 1363 633 1451 Deiopeam
659 1364 816 1451 promittit
823 1387 832 1443 ;
864 1364 971 1455 δῆμος
990 1367 1073 1433 enim
1093 1370 1289 1437 Graece-s»

86 1447 286 1537 publicum,
308 1444 383 1537 cina)
403 1470 478 1516 vero
497 1448 618 1515 oculus
643 1446 690 1513 rel
710 1447 798 1517 crisio
819 1449 942 1537 dicitur.
972 1452 1064 1540 Ergo
1087 1474 1222 1520 nascen-

91 1534 173 1601 tibus
203 1533 377 1603 inmundo
403 1532 566 1602 saeculare
579 1543 638 1599 cst
658 1532 809 1600 nascendi
829 1534 1021 1621 periculum
1054 1536 1143 1627 cujus
1172 1550 1269 1625 tat-lo

89 1642 162 1685 men
190 1618 360 1687 nativitatis
388 1615 577 1709 perfectioni
590 1688 593 1693 ,
607 1617 734 1719 publica
760 1641 780 1687 a
809 1618 870 1686 dee
899 1632 1008 1709 partus
1032 1622 1223 1710 promittitur

89 1704 175 1771 visio.
218 1704 378 1779 lunonem
404 1704 602 1791 nibilominus
626 1700 804 1791 divitiarum
832 1728 962 1794 quoque
988 1720 1135 1777 asserunt
1163 1706 1222 1773 do-

89 1790 224 1873 miuam3
253 1788 339 1865 uude
367 1802 400 1858 et
420 1814 493 1859 cum
515 1778 647 1892 'sceptro
669 1811 742 1855 eam
762 1782 955 1875 depingunt,
987 1791 1076 1881 quod
1096 1792 1222 1861 divitiae

88 1876 198 1961 regnis
221 1874 476 1979 sint'pruximae.
518 1874 582 1965 tter
602 1873 685 1939 enim
698 1872 819 1965 divitiis
840 1874 1003 1957 abundat,
1034 1877 1157 1947 facilius
1178 1880 1221 1946 ad

88 1982 226 2063 reguum
246 1972 373 2049 aspirat
405 1961 486 2028 Ideo
508 1983 579 2028 eam
598 1960 704 2048 capite
724 1959 828 2027 velato
836 1975 988 2111 lponuru,
1000 1964 1088 2065 quod
1108 1986 1262 2037 omnesao

89 2042 217 2113 diutine
244 2045 433 2135 plerumque
460 2057 536 2113 sunt
563 2043 781 2133 absconditae.
870 2070 941 2113 eam
978 2059 1073 2115 ettam
1107 2060 1219 2137 partus

88 2131 196 2199 volunt
227 2154 316 2213 earn,
347 2132 422 2220 quia
444 2130 569 2199 diuitiae
588 2129 686 2219 quasi
698 2143 913 2218 praegnantes
939 2144 1023 2200 sunt
1065 2133 1151 2221 Nam
1172 2133 1219 2198 di-

88 2217 167 2283 vitiis
198 2238 300 2283 novae
325 2239 452 2304 semper
479 2216 606 2309 divitiae
636 2228 842 2302 generantur.
884 2213 953 2283 Sed
974 2230 1016 2287 ,et
1041 2217 1133 2305 ipsae
1154 2218 1219 2307 ple
1252 2254 1277 2323 λ

90 2323 228 2403 rumque
250 2301 427 2379 abortiunt,
450 2300 604 2389 simulque
624 2321 694 2366 sors
720 2310 754 2367 et
772 2300 863 2366 lucra
886 2300 1070 2389 depereunt.
1113 2265 1253 2371 Pavo-l·

86 2410 160 2453 nem
173 2409 205 2453 m
219 2410 278 2455 sua
290 2386 386 2454 babet
398 2386 513 2465 tutela,
534 2386 608 2474 quia
621 2382 750 2450 divitum
766 2385 827 2451 vita
845 2398 1013 2455 ornatuum
1024 2410 1150 2477 semper
1163 2410 1262 2477 ιιι-25

86 2484 198 2561 petens
227 2484 288 2539 est.
328 2471 374 2538 Et
393 2472 476 2539 sicut
494 2494 575 2560 pavo
597 2468 754 2541 stellatum
773 2468 897 2536 candae
913 2494 1082 2553 curvamen
1100 2496 1221 2541 conca-

85 2581 163 2623 vans
186 2557 346 2625 anteriora
368 2569 476 2638 ornat,
526 2555 681 2639 osteriora
710 2576 784 2620 vero
806 2555 940 2643 turpiter
960 2557 1077 2637 nudat,
1104 2560 1149 2633 ita
1172 2558 1220 2625 di-

87 2642 179 2710 vitiae
209 2655 243 2711 et
269 2641 372 2729 gloria
400 2579 571 2729 saecnllris
595 2640 827 2708 momentaliter
848 2640 976 2736 quidem
998 2656 1131 2724 ornant,
1161 2654 1220 2731 po,-

86 2740 204 2795 stremo
234 2750 309 2793 vero
338 2749 418 2814 quos
433 2738 640 2813 ,orarauerant
667 2724 769 2791 nudos
799 2726 986 2813 relinquunt.
1029 2727 1125 2794 Unde
1173 2731 1221 2794 ui-

87 2812 177 2895 dam,
198 2812 353 2899 reliqua,
375 2814 438 2886 ait,
458 2812 650 2877 considera.
693 2810 738 2879 Et
758 2810 925 2879 Salomon:
962 2811 1012 2877 'In
1042 2810 1138 2879 obitu
1152 2753 1263 2889 (lto-so

86 2898 196 2965 minis
219 2896 368 2961 nudatio
388 2918 531 2985 opertam
549 2896 635 2983 ejus.
865 2894 891 2967 ¹,

171 2982 203 3050 6.
243 2979 325 3047 ldeo
349 2992 456 3048 autem
477 2981 551 3047 Irim
575 2979 650 3047 buic
669 2976 864 3081 adjungunt,
899 2980 974 3071 quia
994 2981 1076 3048 sicut
1095 2981 1146 3048 illa
1168 3004 1220 3049 or-

87 3077 182 3136 natus
212 3066 314 3133 varios
346 3066 499 3155 pingens,
533 3064 763 3132 momentaliter
785 3063 930 3155 refugit,
959 3067 1059 3135 itaet
1082 3065 1219 3149 fortuna,

86 3150 230 3242 quamuis
250 3149 464 3253 adpraesens
484 3160 615 3232 omata',
633 3162 750 3218 ttamen
778 3160 828 3219 est
847 3150 991 3241 fugitiva.
1035 3152 1122 3218 Sane
1142 3152 1219 3219 Irim
1247 3180 1254 3203 r

85 3236 287 3328 quasi'l‘ptr,
307 3234 341 3303 rd
362 3247 412 3304 est
431 3247 606 3302 certamen
628 3233 767 3301 nonnulli
787 3233 904 3303 dictam
926 3237 1052 3317 volunt,
1080 3236 1260 3326 ideoquene

85 3348 159 3391 eam
179 3322 299 3389 Junoni
317 3319 395 3389 dant
417 3320 582 3400 famulam,
610 3319 697 3410 quod
728 3343 766 3386 ex
793 3318 969 3393 divitiarum
1000 3344 1122 3390 veneno
1145 3324 1229 3412 per-¹

86 3430 186 3497 saepe
213 3407 387 3475 certamina
420 3418 454 3475 et
485 3406 657 3474 seditiones
698 3405 850 3474 oriuntur.
909 3406 997 3474 Hinc
1028 3420 1093 3487 est,
1131 3408 1219 3496 quod

85 3494 146 3563 lris
180 3488 223 3558 ad
251 3490 442 3560 discordiam
471 3489 748 3570 commovendam,
779 3489 958 3561 Mercurius
981 3515 1056 3560 vero
1078 3492 1119 3559 ad
1141 3516 1217 3561 con-

85 3576 230 3649 cordiam
252 3578 446 3667 frequentius
469 3578 609 3645 mittitur.
649 3578 808 3643 Juuonem
826 3577 920 3645 etiam
936 3576 1079 3667 plerique
1098 3601 1217 3667 regno-

83 3687 157 3733 rum
180 3662 275 3733 deam
294 3663 409 3732 volunt.
452 3662 549 3730 Unde
561 3664 604 3730 ¹et
624 3662 707 3729 banc
728 3660 870 3733 fabulam
888 3665 1086 3753 confingunt
1098 3674 1107 3737 ,’
1127 3667 1261 3739 Ιιίοιιιιο

85 3748 222 3819 Junonis
244 3748 426 3838 conjugium
448 3748 553 3836 petiit;
580 3747 633 3813 ille
661 3748 777 3814 nubem
799 3747 992 3836 inspeciem
1013 3772 1102 3816 suam
1125 3773 1219 3818 oma-

86 3835 150 3919 rit,
180 3856 255 3902 cum
282 3857 346 3923 qua
373 3835 464 3901 Ixion
493 3834 603 3901 coiens
632 3834 813 3900 Centauros
841 3834 963 3935 genuit.
1003 3835 1089 3902 Juno
1108 3836 1218 3922 igitur,

85 3936 124 3991 ut
146 3919 298 4000 diximus,
328 3918 391 3986 dea
413 3941 585 4006 regnorum
610 3930 677 3997 est;
706 3917 795 3983 lirion
825 3917 963 4005 dignitas
984 3920 1219 4008 interpretatur.

85 4008 125 4075 ln
145 4007 209 4073 bac
233 4026 309 4071 rero
331 4005 392 4073 vita
416 4003 574 4093 quaelibet
594 4002 752 4090 dignitas,
772 4001 806 4067 id
825 4015 874 4070 est
888 4004 1100 4091 quantaelibet
1116 4006 1220 4095 digni-

87 4092 162 4161 tatis
182 4112 322 4179 persona
342 4112 477 4179 regnum
499 4091 671 4171 allectam,
702 4088 817 4155 nubem
847 4100 968 4156 tantum
995 4104 1150 4171 meretur,
1188 4090 1261 4162 idas

89 4190 139 4247 est
168 4176 331 4269 horariam
357 4176 449 4267 regni
476 4174 714 4245 similitudinem.
765 4170 846 4241 lllud
882 4173 965 4243 enirn
998 4198 1132 4265 regnum
1161 4192 1219 4255 cst,
