2684 4606
81 160 176 239 ,1811
395 170 398 175 ’
423 162 607 276 Mutuom,
634 164 708 247 111.
761 159 804 245 6.
858 160 1057 245 iti-16.

58 342 61 347 ’
96 345 199 413 vuitus
219 346 252 417 in
274 345 419 435 pluribus
439 345 595 435 speculis,
631 347 680 417 rel
700 348 733 417 in
754 369 821 415 uno
843 344 975 435 speculo
996 344 1103 421 vultur
1131 346 1244 435 plures
1291 406 1294 421 ,

98 443 272 520 apparent;
299 433 344 500 ita
365 433 501 499 animam
522 432 554 499 in
575 433 673 500 rebus
694 434 825 506 dirersis
844 433 980 499 eandem
1002 454 1094 511 esse,
1116 445 1152 499 et
1172 432 1244 497 ubi-

121 541 164 584 ue
186 518 267 584 rires
288 518 427 598 habere,
462 518 537 593 licet
568 519 602 591 in
638 519 770 586 dirersis
800 541 858 608 pro
885 530 1058 606 corporum
1079 517 1245 587 habilitate

99 544 259 673 diversum
292 603 410 671 habeat
442 604 638 678 exercitium,
691 604 879 673 Secundum
918 627 1016 694 quam
1052 606 1244 687 sententiam
1275 666 1280 685 ‚

76 689 205 757 tnullus
233 690 385 767 moritur,
425 688 571 763 videlicet
603 702 639 758 ut
674 691 906 779 separationem
939 691 1064 756 animae
1093 692 1244 777 patiatur,

101 776 177 865 quia
199 798 271 849 eam
292 775 404 845 dicunt
421 797 594 864 numquam
613 798 632 842 a
654 788 794 865 quatuor
823 776 986 849 elementis
1015 776 1180 865 separari,
1211 776 1243 848 in

101 883 187 951 quae
207 861 313 928 omnia
336 882 474 945 corpora
494 861 704 929 resolvuntur.
746 860 814 932 Sed
836 875 913 929 tunc
935 860 1052 934 dicitur
1080 862 1164 933 mori
1188 861 1244 935 ali·

102 948 191 1035 quis,
214 969 312 1036 quum
333 946 364 1019 ln
385 946 436 1013 illo
461 947 563 1022 anima
584 950 727 1051 priorum
747 947 895 1052 relinquit
913 949 1025 1037 ¹virium
1046 946 1245 1015 exercitium.

104 1032 216 1100 Anima
235 1034 320 1099 enirn
340 1056 439 1121 quum
458 1032 492 1115 in
511 1018 676 1118 carnalius,
716 1046 751 1103 ut
780 1033 934 1112 diximus,
974 1033 1166 1135 corporibus
1188 1056 1246 1122 pa,-

61 1134 189 1198 rorem,
210 1130 364 1208 quantum
384 1119 498 1199 adse,
523 1120 641 1188 habeat
661 1131 872 1209 potestatem,
892 1120 924 1185 in
947 1118 1103 1208 aliqurhus
1124 1130 1245 1199 tamen,

104 1204 187 1279 mole
207 1206 351 1294 corporis
371 1204 583 1293 impediente,
626 1230 698 1276 eam
719 1228 873 1273 exercere
902 1227 965 1271 non
987 1216 1104 1294 potest.
1147 1204 1247 1276 trice-

104 1294 182 1363 bant
203 1290 270 1371 alii,
308 1290 501 1361 mundanam
531 1289 667 1360 eandem
699 1292 835 1363 animam
863 1293 982 1379 pariter
1004 1312 1076 1356 cnm
1106 1289 1246 1357 humana

34 1380 69 1467 {lli
104 1376 208 1443 anima
228 1377 261 1446 in
280 1375 408 1446 homine
427 1400 516 1456 esse,
550 1389 585 1445 et
605 1377 649 1445 de
668 1402 707 1447 ea
729 1390 854 1453 termes
874 1379 906 1442 in
928 1377 1055 1450 homine
1078 1376 1247 1459 vivificant
1278 1426 1282 1435 .

34 1480 65 1513 ···'
104 1463 216 1553 sicque
238 1462 376 1530 eundem
395 1463 555 1530 hominem
578 1463 660 1532 duas
681 1465 802 1531 animas
824 1464 944 1529 habere
965 1462 1162 1531 asserebant

64 1565 99 1613 to
192 1550 243 1617 15.
285 1548 432 1623 Nonnulli
456 1551 550 1626 etiam
570 1562 661 1632 sunt,
694 1551 749 1639 qni
774 1550 929 1616 humanas
952 1548 1091 1627 animas,
1127 1550 1171 1614 ab
1191 1570 1248 1615 ex,

104 1632 196 1707 ordio
216 1635 326 1702 mundi
344 1636 467 1719 factas,
493 1647 527 1703 et
545 1634 577 1701 in
599 1658 767 1725 compares
789 1634 895 1705 stellas
921 1644 1084 1721 tamquam
1105 1632 1140 1699 in
1161 1633 1248 1701 vehi.

104 1720 178 1788 cula
205 1719 325 1792 locatas
354 1720 483 1802 dicunt,
517 1720 623 1789 donec
643 1721 787 1812 quotidie
807 1719 1033 1808 incorporandi
1058 1719 1167 1786 studio
1190 1718 1247 1785 de-

105 1804 270 1878 scendant.
312 1805 397 1872 Nam
419 1808 460 1873 ab
493 1808 622 1879 Abelica
650 1809 768 1883 virtute
796 1828 834 1882 se
867 1816 1091 1893 argumentum
1126 1806 1250 1881 habere

107 1892 318 1968 arbitrantur,
349 1892 438 1979 quod
457 1892 590 1960 dicitur:
622 1892 712 1960 Ecce
731 1915 798 1959 vox
825 1893 1016 1979 sanguinis
1031 1888 1172 1974 fratris
1192 1890 1249 1957 tui

62 1976 238 2042 toclamot
258 1978 307 2043 act
327 2000 381 2040 me
401 1979 445 2041 de
474 1990 592 2052 terras
625 1978 660 2045 id
688 1991 739 2046 est
769 1978 910 2056 animae,
950 1989 984 2043 ut
1011 1974 1119 2066 ajunt,
1186 1998 1250 2043 uae

105 2063 295 2150 corporibus
316 2063 397 2135 natis
417 2062 459 2127 de
481 2066 639 2151 sanguine
657 2064 733 2131 Abel
755 2077 847 2130 erant
866 2059 1137 2155 incorporandae.
1164 2000 1250 2133 ldeo

105 2149 207 2228 enirn,
236 2148 396 2237 inquiunt,
431 2147 626 2231 clamabant,
683 2150 734 2216 uia
764 2152 942 2237 perlectam
967 2148 1197 2215 beatitudinem
1215 2147 1248 2215 in

105 2235 296 2321 corporibus
318 2235 433 2302 mereri
460 2236 618 2307 solebant.
707 2234 802 2327 ajoris
833 2236 917 2301 enim
940 2234 1140 2301 auctoritatis
1161 2233 1250 2300 dice·
1284 2250 1289 2257 '

106 2322 183 2388 bant
213 2320 369 2403 animam,
402 2343 489 2410 quae
520 2325 611 2389 bonis
641 2323 761 2393 meritis
794 2322 935 2387 afficitur
966 2322 998 2386 in
1030 2320 1113 2398 rita,
1176 2340 1250 2386 uam

63 2418 190 2495 idquae
220 2429 283 2473 non
314 2403 546 2496 incorporatur.
604 2407 673 2476 Sed
704 2416 743 2476 iu
768 2408 903 2475 erfluum
939 2405 1013 2474 nihil
1044 2404 1123 2472 facit
1152 2342 1257 2487 densa

103 2492 250 2561 undeet
276 2493 358 2560 haec
378 2497 535 2563 sententia
563 2494 675 2563 frivola
696 2430 873 2589 judicanda
895 2503 954 2562 est.
1004 2491 1049 2565 Hi
1075 2512 1155 2559 vero
1186 2492 1251 2580 qui,
1288 2542 1293 2553 .

104 2591 259 2669 utsupra
280 2578 436 2661 diximus,
469 2584 605 2650 animam
632 2604 705 2647 esse
729 2591 853 2667 partem
875 2577 1000 2645 divinae
1022 2580 1183 2644 essentiae
1203 2578 1251 2643 di-

105 2666 240 2746 cebant,
279 2668 319 2731 ab
353 2666 405 2732 illo
433 2667 507 2733 loco
535 2667 685 2748 trahunt,
723 2667 776 2740 ubi
804 2664 939 2735 dicitur:
981 2663 1185 2749 inspiravit
1212 2665 1250 2731 in

102 2749 234 2835 faciem
255 2751 329 2838 ejus
350 2751 566 2838 spiraculum
587 2753 691 2818 vitae.
736 2754 832 2817 Haec
853 2760 980 2827 autent,
1013 2747 1117 2835 ajunt,
1153 2748 1252 2838 parti·

62 2835 179 2902 sucula
200 2858 264 2901 non
286 2834 380 2902 rediit
401 2838 552 2925 amplius,
580 2851 617 2907 ut
635 2860 710 2904 cum
731 2837 795 2903 deo
816 2837 977 2915 uniretur;
1014 2832 1155 2905 undeet
1177 2857 1252 2924 pec·

105 2944 181 2985 care
202 2932 318 3009 potest.
361 2922 406 2988 Hi
429 2945 511 3010 ergo
533 2920 660 2991 dedeo
692 2938 794 3027 agunt
824 2934 988 3010 tamquam
1016 2919 1126 2995 localis
1151 2937 1184 2999 et
1205 2919 1257 2986 di·-

105 3007 230 3073 visibilis
259 3008 309 3077 sit.
360 3009 515 3076 Asserunt
550 3007 592 3074 de
625 3011 780 3098 angelicis
809 3007 993 3083 substantiis
1024 3005 1093 3086 alil,
1133 3005 1184 3073 alii
1212 3004 1254 3071 de

103 3091 240 3159 traduce
260 3092 383 3158 semine
403 3095 524 3162 animas
545 3097 650 3176 nasci;
673 3111 708 3164 ut
726 3098 809 3162 sicut
828 3094 962 3161 scissum
986 3104 1036 3158 est
1055 3114 1178 3180 corpus
1192 3092 1253 3172 :filit

104 3177 147 3247 de
169 3179 346 3249 substantia
372 3183 481 3268 patris,
503 3180 548 3248 ita
569 3195 703 3268 putetur
722 3196 756 3250 et
775 3181 880 3253 anima
897 3178 1083 3272 provenire3
1105 3179 1254 3246 trahunt

61 3281 172 3416 utque
196 3273 424 3351 argumentum
447 3290 466 3334 a
489 3269 754 3339 consimilitudine
785 3289 923 3337 morum.
974 3263 1036 3330 Est
1066 3276 1175 3335 autem
1203 3265 1255 3330 in-

129 3349 272 3418 ubitatae
299 3349 395 3430 fidei,
435 3374 498 3423 nee
527 3355 601 3421 hinc
621 3378 681 3421 nec
701 3354 777 3425 inde
798 3354 918 3418 animas
947 3350 1037 3415 nasci
1061 3349 1112 3414 vel
1141 3352 1255 3429 creari,

104 3458 166 3502 nec
189 3433 317 3512 aliunde
338 3436 474 3520 adduci,
509 3439 568 3508 sed
591 3442 682 3507 simul
704 3465 777 3514 curn
807 3439 878 3527 ipso
900 3457 1040 3523 corpore
1071 3438 1168 3503 nasci.
1211 3437 1256 3503 lit

103 3533 155 3589 est
175 3534 302 3609 tempus
332 3524 496 3611 quoddam
518 3525 765 3597 determinatum
796 3536 874 3629 post
897 3521 1140 3609 conceptionem
1162 3523 1255 3588 semi,
1279 3582 1289 3603 ,

104 3607 173 3688 nis,
200 3607 289 3698 quod
310 3607 343 3674 in
365 3633 482 3702 eorpus
505 3613 679 3682 humanum
701 3614 879 3699 redigitur,
901 3631 966 3701 quo
988 3608 1256 3683 nasciturorum
1290 3644 1294 3655 ·

61 3708 180 3762 tecum
203 3715 352 3790 corpore.

191 3783 240 3848 16.
282 3783 415 3849 Animae
437 3793 544 3853 autem
567 3782 652 3849 duae
675 3796 749 3855 sunt
771 3786 870 3863 vires,
893 3805 955 3849 una
978 3783 1134 3871 superior,
1157 3783 1255 3867 altera

102 3864 246 3935 inferior.
287 3869 418 3934 Animae
448 3872 594 3958 superior
624 3871 669 3936 vis
699 3870 889 3938 caelestibus
921 3867 1077 3937 adhaeret
1098 3880 1133 3936 et
1149 3869 1272 3935 ineor·'

102 3954 320 4039 reptibilibus,
350 3970 383 4023 et
404 3954 453 4020 illa
476 3955 691 4044 concupiscit,
719 3968 916 4045 vocaturque
944 3955 1161 4034 rationalitas,
1194 3954 1255 4047 spi-

103 4040 201 4121 ritus,
231 4039 379 4122 domina,
410 4066 517 4122 mens,
549 4043 683 4109 animus.
725 4044 863 4110 Inferior
886 4052 952 4115 est,
982 4064 1068 4128 quae
1090 4041 1279 4129 voluptarie·

58 4125 166 4194 esbus
205 4125 349 4213 corporis
384 4130 559 4209 consentit,
595 4140 794 4218 vocaturque
826 4125 1037 4206 sensualitas,
1071 4129 1255 4201 animalitas,

90 4212 234 4293 morula,
257 4235 362 4280 inens.
405 4213 536 4290 Estque
557 4217 753 4292 superioris,
780 4224 817 4281 ut
836 4214 1020 4280 inferiorem
1041 4225 1146 4303 regat
1190 4209 1256 4281 Sed
1292 4286 1294 4295 ,
