2684 4606
76 180 109 259 8
349 294 353 305 Ι
415 117 599 282 Npthopr.
626 182 659 253 1.
714 140 788 252 25.
809 160 880 279 24.
955 172 957 177 ’

78 390 157 436 acce
177 367 218 448 it3
250 368 381 435 Atreum
404 389 499 448 vero,
529 388 628 454 quum
649 357 856 441 adolevisset,
876 361 909 426 in
930 358 1098 429 vindictam
1120 362 1222 451 patris

79 391 207 520 occidit.
249 452 331 520 lude
352 466 385 519 et
406 457 697 540 Agamemnonem,
726 468 823 534 quum
852 447 1121 534 Clytemnestram
1141 470 1241 514 uno-⁴

79 562 148 613 rem
180 539 247 629 ejus
278 538 508 618 adulterasset,
541 533 714 639 Aegisthus
748 533 917 601 interfecit
970 533 1077 608 Quem
1108 548 1224 627 postea

15 637 18 645 '
66 624 235 777 Omnes,
261 624 342 697 filius
371 626 638 711 Agamemnoms,
667 639 740 684 cum
770 642 827 702 ea,
858 642 954 710 quam
977 616 1223 702 adulteraverat,

53 712 151 778 socci
176 712 207 778 it.
513 708 516 717 '

356 922 425 1000 25.
481 927 681 1003 Phrixus
710 926 757 1005 'et
789 866 939 1000 Helle.
1002 962 1004 967 >

123 1074 126 1079 ·
167 1051 305 1121 Phrixus
339 1063 377 1121 et
393 1052 488 1121 Helle
515 1055 650 1135 fratres,
676 1068 710 1125 et
738 1053 935 1123 Athamantis
969 1049 1058 1138 regis
1094 1061 1129 1118 et
1155 1049 1227 1117 Ne-
1258 1100 1261 1105 -

29 1142 31 1148 ’
80 1135 196 1227 phelae
225 1139 293 1206 filii
306 1138 444 1208 fuerunt.
492 1141 539 1208 Hi
555 1141 677 1208 insania
699 1142 810 1210 Liberi
836 1136 952 1232 abjecti
973 1158 1071 1224 quum
1092 1135 1125 1201 in
1146 1135 1256 1213 silva¹

4 1248 65 1293 s
82 1234 243 1302 errarent,
278 1222 425 1313 Nephele
460 1237 564 1294 mater
586 1249 699 1294 eorum
742 1226 859 1295 dicitur
897 1222 1039 1302 venisse,
1079 1226 1113 1290 et
1140 1221 1226 1289 arie-
1256 1270 1260 1275 -

41 1320 76 1369 10
85 1311 166 1388 tem,
187 1309 307 1375 vellere
337 1332 437 1377 arrreo
468 1312 672 1400 insignitum,
714 1312 913 1388 exhibuisse,
943 1311 976 1375 in
1006 1328 1101 1396 quem
1129 1329 1227 1395 prae-

82 1393 185 1461 dictos
213 1395 294 1462 lilios
322 1418 398 1464 suos
414 1397 511 1488 jussit
537 1397 731 1482 ascendere,
759 1410 793 1467 et
816 1399 849 1464 in
878 1393 1018 1464 Colchos
1040 1391 1082 1458 ad
1110 1414 1226 1494 regern
1262 1442 1267 1451 .

81 1485 215 1547 Aeetam
247 1482 398 1563 transire,
433 1483 542 1572 ibique
577 1486 710 1553 arietem
747 1483 920 1550 immolare.
957 1516 1001 1529 -
1043 1476 1102 1544 Vel
1124 1477 1225 1545 ahter.

82 1566 190 1640 Quum
219 1565 385 1654 Nephele,
418 1590 502 1656 quae
531 1580 564 1638 et
588 1570 720 1648 Nubes,
749 1569 873 1635 insania
893 1564 1003 1634 Liberi
1023 1564 1124 1653 patris
1146 1585 1226 1631 con·
1255 1598 1264 1627 v

82 1652 162 1729 cita,
192 1651 300 1717 silvam
327 1665 472 1741 peteret,
502 1676 564 1732 neo
589 1655 689 1723 larem
718 1655 822 1722 mariti
846 1663 1026 1741 repeteret,
1058 1648 1128 1717 filiis
1149 1648 1227 1730 suis,

43 1737 207 1802 15Phrixo
238 1749 271 1803 et
291 1738 422 1818 Hellae,
447 1739 599 1807 Athamas
622 1761 810 1819 novercam,
841 1738 968 1805 nomine
987 1737 1141 1816 Inonem,
1173 1756 1228 1802 su-

81 1821 248 1911 perduxit;
269 1828 353 1910 quae
375 1824 532 1891 novercali
553 1825 627 1892 odio
649 1825 756 1915 pueris
780 1824 909 1903 exitium
933 1821 1136 1902 machinans,
1157 1843 1228 1888 ma·
1259 1832 1264 1841 '

82 1919 192 1975 tronas
225 1909 370 1994 rogavit.
404 1916 441 1977 ut
471 1911 631 1978 frumenta
669 1908 827 1978 serenda'
847 1920 1096 1997 corrumperent
1152 1905 1228 1983 Quo

83 1995 181 2074 facto,
206 1992 306 2059 fames
328 1995 436 2062 innata
458 2006 516 2063 est.
546 1997 653 2071 Quum
667 1994 707 2061 ad
725 1994 897 2084 Apollinem
919 1984 1097 2067 cohsultam
1120 1992 1230 2060 civitas

83 2080 238 2159 misisset,
261 2079 320 2143 lno
342 2085 432 2155 eum,
462 2083 517 2169 qui
539 2083 654 2149 missus
676 2081 752 2159 luit,
784 2082 936 2170 corrupit,
956 2093 993 2147 ut
1015 2080 1161 2157 referret,
1184 2078 1229 2143 ah
1256 2134 1263 2149 .

41 2164 379 2246 sooracutoaicmm,
404 2166 484 2233 lilios
505 2167 608 2236 Nubis
628 2166 858 2248 immolandos3
888 2189 960 2232 nam
992 2177 1025 2232 et
1053 2164 1122 2267 ipsa
1139 2162 1234 2255 dixit,
1244 2164 1259 2187 ''

85 2273 143 2316 eos
186 2250 344 2316 frumenta
381 2251 571 2320 incendisse.
631 2253 752 2332 Pater,
783 2253 896 2320 timens
926 2250 1034 2341 populi
1069 2248 1257 2331 rnvidiam,·

84 2335 166 2402 lilios
189 2358 264 2402 suos
294 2335 424 2404 arbitrio
454 2361 613 2406 novercae
638 2338 815 2416 commisit,
846 2336 905 2405 sed
935 2336 1062 2404 occulte
1087 2335 1148 2403 illis
1177 2357 1233 2401 re-
1244 2382 1259 2415 ,.

85 2419 226 2490 medium
257 2419 356 2489 dedit.
399 2420 484 2490 Nam
511 2426 684 2507 Phrixum,
717 2424 827 2492 mortis
848 2446 929 2491 suae
956 2424 966 2488 i
995 2443 1125 2497 narum,
1152 2422 1258 2495 sub-4

62 2515 64 2529 ¹
85 2508 185 2586 misit,
208 2520 245 2576 ut
266 2508 417 2588 arietem,
447 2533 580 2578 aureum
601 2510 697 2578 vehas
718 2509 913 2594 habentem,
940 2445 1136 2587 adducerem
1165 2507 1234 2595 qui,
1250 2532 1257 2593 g

46 2584 330 2661 25Juuonis'nutu
363 2593 561 2673 admonitus,
592 2608 629 2665 ut
655 2617 729 2662 cum
750 2617 864 2662 sorore
885 2595 1031 2683 sugeret,
1062 2592 1256 2661 confestim'

89 2702 127 2747 se
148 2701 222 2746 curn
244 2702 284 2746 ea
304 2681 399 2748 morti
421 2685 587 2752 subtraxit.
629 2680 759 2749 Deinde
786 2704 884 2769 quum
906 2681 997 2749 arieti
1019 2679 1255 2767 adhaerentesp'

87 2766 183 2832 nxare‘
205 2776 465 2853 supernatareut,
493 2769 588 2836 Helle
639 2765 721 2844 uella
742 2765 773 2831 iu
795 2766 1040 2846 mare=oecidit,
1063 2766 1254 2834 cenomani*

89 2863 186 2943 ponto
199 2849 305 2917 dedit:
327 2874 401 2917 nam
415 2874 454 2919 ex
465 2852 516 2919 illa
529 2791 832 2941 Hellespontus
848 2851 972 2921 dicitur.
1009 2851 1167 2933 Phrixus,
1187 2848 1253 2939 adj

90 2935 232 3003 Colchos
253 2934 398 3015 delatus,
419 2939 551 3006 arietem
571 2937 758 3017 immolavit,
789 2947 822 3006 et
844 2937 941 3006 vellus
964 2936 1097 3004 a'ureum
1118 2936 1252 3027 Murusg

46 3022 208 3109 sotenpto
235 3019 413 3100 dedicavit,
430 3081 434 3087 .
451 3023 539 3113 quod
570 3022 671 3090 draco
701 3023 902 3093 custodiebat
926 3023 1089 3090 insomnis.
1131 3026 1251 3093 Aeeta?

65 3171 68 3175 ,
98 3106 338 3173 rex-Phrixum
366 3105 466 3177 libens
495 3110 633 3197 recepit,
672 3108 831 3199 filiamque
864 3132 998 3176 uxorem
1031 3107 1129 3175 dedit.
1154 3136 1158 3141 ·
1186 3109 1250 3179 Et:-

115 3215 191 3259 uum
215 3214 315 3259 exea
336 3191 453 3261 liberos
477 3199 673 3284 accepisset,
696 3196 813 3263 veritus
835 3198 946 3274 Aeeta,
968 3217 1008 3260 ue
1030 3217 1066 3262 se
1086 3217 1106 3260 a
1126 3204 1249 3291 regno}

92 3217 248 3369 dejiceret
269 3276 376 3364 (quod
392 3280 421 3345 ei
441 3302 630 3370 responsum
653 3305 673 3347 a
695 3280 755 3349 diis
776 3282 897 3349 luerat:
918 3279 962 3346 ab
979 3278 1135 3344 advenae
1145 3286 1248 3369 prossff

91 3363 197 3452 genie
220 3374 367 3428 mortem
392 3369 548 3453 caveret)
579 3367 735 3435 Phrixum
773 3366 943 3435 interiecit.
1005 3367 1047 3433 At
1077 3364 1131 3431 filii
1164 3346 1247 3459 ejud

51 3461 196 3523 estatem
232 3446 464 3530 ascenderunt,
508 3466 545 3522 ut
571 3453 642 3519 ad*
664 3475 757 3520 avum
797 3455 1018 3522 Athamantem
1054 3451 1246 3523 transireat-'i

36 3543 39 3547 '
96 3533 167 3600 Hos
194 3532 370 3621 naufragos
397 3538 504 3604 Aeson
534 3539 669 3627 excepit.
711 3540 834 3607 Postea
862 3540 959 3607 Iason
988 3533 1128 3604 Colchos
1160 3528 1245 3643 prpd

96 3619 201 3686 lectus
231 3630 281 3686 est
307 3640 366 3706 pro
396 3622 509 3692 vellere
529 3648 628 3695 aureo
647 3623 804 3708 tollendo,
842 3636 875 3694 et
902 3624 1076 3693 draconem
1105 3622 1243 3719 occidit-„⁵

97 3715 131 3774 et
151 3703 245 3773 vellus
267 3703 400 3774 sustulit
1226 3718 1243 3767 v

13 3961 18 3966 -
55 3936 91 3988 to
120 3881 124 3886 .
391 3908 460 3986 2d.
490 3913 670 3989 'Pelias
699 3922 743 3986 et
774 3911 928 4011 lason.

48 4110 56 4119 .
184 4038 309 4120 Pelias,
340 4038 389 4108 vel
416 4038 553 4123 Peleus,
581 4064 640 4110 rex
666 4009 893 4129 Peloponnesi,
926 4014 1020 4106 ou'us·
1046 4039 1145 4108 frater
1215 3966 1240 4129 ,a

100 4130 225 4207 Aeson,
241 4127 308 4215 ⁴qui
339 4132 446 4192 Aeson
472 4126 588 4210 lilium,
617 4126 744 4194 nomine
769 4127 933 4206 Iasonem,
961 4065 1087 4193 habuit.
1129 4042 1239 4225 igidi}

98 4209 283 4300 praedictus
304 4212 420 4307 ,Pelias
454 4210 552 4317 tilium
584 4210 690 4285 fratris
721 4211 824 4282 timuit
852 4212 894 4280 ob
925 4210 1072 4283 virtutem
1101 4210 1237 4303 ejusq

1204 4438 1235 4481 ἱ,

1124 4493 1131 4505 ·
1223 4484 1235 4525 ,Ι
