2684 4606
399 179 583 284 uynogr.
612 180 663 255 n.
719 178 776 255 so
789 202 840 237 ·-
856 176 925 253 sn.
1044 166 1047 179 ’
1180 170 1258 260 aa

89 364 182 457 quod
216 366 414 457 pestilentiae
447 367 528 436 deus
562 368 618 449 sit,
633 388 636 393 ·
654 360 720 434 sire
751 367 825 454 quia
860 366 986 434 fervore
1015 392 1074 437 sno
1108 392 1235 439 omnem

90 477 207 521 sucum
227 455 396 521 herbarum
421 454 543 542 perdat
576 455 675 521 Hunc
696 462 730 520 et
751 446 981 540 auspiciorum,
1025 458 1116 525 nibus
1138 461 1234 525 urbes

90 550 272 626 reguntur,
309 552 343 606 ct
378 539 574 608 divinationis
611 539 707 605 deum
737 537 899 620 dixerunt,
937 478 1024 630 quod
1056 543 1103 610 sol
1131 547 1235 614 omnia
1269 584 1271 587 ·

91 629 233 695 obscura
254 626 451 706 manifestat,
479 627 527 692 vel
549 625 636 713 quod
655 627 687 690 in
711 635 784 691 ortu
804 648 863 693 suo
884 635 919 691 et
939 650 1058 693 occasu
1079 631 1233 698 multimo-

91 711 154 778 dos
182 723 339 779 monstrat
365 713 499 778 effectus
532 710 807 797 significationum.
858 711 955 777 Titan
984 725 1090 781 autem
1120 717 1276 785 dicitius

89 797 222 886 Apollo,
273 798 342 863 nasi
364 818 445 864 unus
466 821 505 863 ex
527 798 712 876 Titanibus,
735 798 790 883 qni
811 808 923 862 contra
943 796 1022 866 deos
1043 823 1131 868 arma
1151 829 1236 870 sum-

92 895 215 951 serunt.
291 884 324 948 ni
352 906 449 972 quum
471 880 551 949 bello
575 894 685 949 contra
708 880 796 969 deos,
808 882 1027 963 abstinuisset,
1058 910 1118 973 pro
1140 891 1237 956 bene-

90 969 169 1053 ficio
201 966 324 1035 caelum
355 969 510 1036 meruisse
539 969 743 1056 contingitur.
780 967 852 1063 ''Sol
882 980 989 1036 autem
1011 969 1126 1039 dicitur
1148 978 1238 1065 quasi
1257 994 1339 1047 L„-

91 1050 260 1143 ephebua,
286 1054 351 1121 hoc
381 1065 432 1121 est
459 1054 656 1119 adolescens
663 1077 676 1131 3
704 1053 791 1119 unde
820 1064 854 1120 et
873 1077 955 1141 puer
974 1055 1133 1145 pingitur,
1161 1065 1238 1150 quia

90 1139 239 1217 ¹uotidie
265 1162 349 1207 nova
384 1138 459 1207 lnce
484 1139 575 1227 quasi
604 1137 715 1227 puerili
747 1138 833 1207 vultu
862 1141 1019 1224 nascitur;
1053 1146 1188 1233 Pythius
1218 1172 1279 1223 a10

90 1163 265 1314 llythone,
287 1226 460 1292 immensae
480 1226 569 1290 molis
589 1236 755 1311 serpente„
778 1248 873 1311 quem
894 1226 1093 1296 interfecisse
1113 1233 1238 1302 dicitur.
1263 1282 1266 1287 -

67 1309 193 1397 -Unde
219 1325 252 1379 et
278 1310 312 1377 in
340 1310 408 1401 ejus
438 1312 592 1377 honorem
621 1333 707 1394 agon
733 1310 887 1399 Pythicas
917 1312 1116 1397 celebratur,
1148 1322 1237 1408 cnjus

90 1397 233 1464 victores
261 1395 353 1463 lauro
384 1409 586 1465 coronantur.
629 1391 749 1464 Πειθώ
772 1407 879 1461 autem
896 1399 1025 1464 Graece
1045 1404 1238 1470 credulitas

90 1480 232 1567 dicitur,
259 1482 335 1573 quia
359 1482 439 1551 falsa
460 1482 629 1551 credulitas
652 1482 724 1547 luce
745 1481 968 1564 manifestante
990 1483 1184 1576 deprimitur.

207 1702 278 1780 20.
333 1648 578 1807 Apollinis
608 1708 781 1807 tripos,
823 1731 977 1802 arcus,
1015 1710 1118 1784 tela.
1245 1672 1316 1803 15¹,

111 1900 115 1907 ,
183 1826 316 1923 Apollini
336 1833 494 1922 tripodem
518 1833 691 1912 addicunt,
719 1835 792 1922 quia
813 1834 987 1923 praeterita
1012 1838 1116 1919 novit,
1134 1858 1240 1926 ¹prae-
1318 1827 1327 1841 ’

90 1917 197 1986 sentia
228 1922 348 2001 cernit,
385 1922 491 1987 futura
526 1921 649 1987 risurus
684 1931 742 1986 est.
792 1924 910 1987 Arcum
938 1931 972 1987 et
1001 1923 1136 2009 sagittas
1164 1925 1239 1991 huic

90 2004 296 2086 adscribunt,
328 2005 375 2073 rel
399 2005 485 2094 quod
507 2004 549 2071 de
571 2005 689 2072 circulo
712 2006 780 2096 ejus
801 2006 881 2071 radii
902 2006 935 2071 in
956 2007 1086 2075 modum
1105 2011 1240 2111 sagitta-

87 2110 164 2158 rum
187 2093 348 2169 exsiliant,
381 2093 429 2157 vel
457 2092 544 2179 qnod
566 2115 623 2157 sua
646 2093 898 2159 manifestatione
920 2090 1091 2162 dubietatis
1115 2095 1240 2163 scindat

89 2176 272 2263 caliginem.
316 2179 415 2243 Hunc
440 2177 632 2266 quadrijugo
658 2179 704 2244 uti
728 2176 856 2275 dicupt,
888 2177 977 2265 quod
1004 2180 1281 2271 quadripartitisao

90 2272 273 2352 temporum
296 2263 500 2367 varietatibus
515 2285 595 2367 'anm
617 2263 767 2331 circulum
789 2275 937 2353 peragat.

278 2488 346 2565 21.
399 2491 604 2585 Quatuor
632 2495 739 2594 eqni
769 2489 1057 2593 Apollinis.¹

177 2617 283 2707 Ipsius
295 2619 384 2707 equis
397 2618 557 2706 condigna
572 2622 700 2688 nomina
711 2622 929 2709 imposuerunt
943 2618 1004 2687 sic:
1025 2618 1236 2710 Erythraeus,
1293 2600 1296 2605 Α

90 2703 237 2785 Aethon,
271 2706 433 2857 Lampus,
472 2705 659 2795 Philogeus.
717 2707 916 2811 Erythraeus
957 2706 1087 2772 Graece
1122 2706 1245 2781 diciturx

90 2788 237 2869 rubeus,
304 2814 345 2856 uo
396 2792 596 2879 amatntino
626 2792 674 2861 sol
700 2793 818 2859 lumine
845 2790 1002 2859 rubicund
1074 2805 1279 2881 exsurgatna

89 2874 217 2941 Aethon
245 2814 429 2965 splendens
457 2876 592 2961 dicitur,
625 2878 712 2967 qnod
733 2880 828 2946 tertia
849 2880 929 2945 hora
949 2875 1011 2943 luci
1037 2900 1084 2944 ror
1106 2879 1236 2967 fulgeat.

90 2958 236 3049 Lampus
252 2982 329 3027 vero
340 2963 484 3042 ardena,
505 2962 581 3030 dnm
599 2964 641 3030 'ad
658 2988 815 3033 summurn
829 2965 892 3032 diei
912 2962 1065 3030 circulum
1083 2987 1237 3030 conscen-

92 3042 185 3113 derit
228 3046 405 3136 Philogeus
436 3049 566 3115 Graece
592 3060 707 3117 terrae
735 3072 861 3119 amana
882 3048 1014 3133 dicitnr,
1044 3048 1132 3140 quod
1153 3073 1237 3127 nona

77 3129 172 3221 ¹bora
194 3154 332 3222 vergens
353 3134 714 3227 occasibusincumbat.
837 3160 840 3165 ·

371 3336 441 3413 22.
494 3322 732 3442 Apollinis
769 3363 942 3414 coruus.
1242 3381 1279 3431 30

178 3466 251 3533 Gur
275 3477 382 3533 autem
412 3489 542 3535 corvum
564 3464 715 3559 Apohinis
737 3469 857 3535 tutelae
878 3463 1064 3554 subjiciant,
1096 3463 1166 3532 talis
1190 3463 1237 3530 fa-

96 3549 165 3617 bula
191 3549 399 3624 demonstrat,
441 3554 550 3643 Apollo
579 3577 676 3645 quum
700 3551 913 3633 Coronidem,
942 3551 1111 3640 Phlegyae
1130 3551 1236 3625 filiam,

90 3637 259 3721 gravidam
283 3639 428 3721 fecisset,
456 3662 584 3725 corvum
606 3642 636 3709 ei
658 3639 826 3708 custodem
847 3661 888 3727 ap
912 3638 1013 3719 osuit,
1035 3659 1076 3701 ne
1101 3637 1171 3723 quis
1195 3635 1237 3701 ad

100 3742 171 3791 eam.
192 3723 322 3792 occulta
351 3726 528 3793 temeritate
558 3726 739 3794 accederet
782 3727 867 3792 Cum
889 3663 960 3789 phac
981 3722 1090 3811 Lycus
1111 3721 1237 3788 occulte

99 3809 281 3891 concubuit,
303 3831 398 3898 quern
418 3812 564 3901 Juppiter
585 3813 714 3879 lirlmine
734 3812 873 3879 extinxit.
914 3810 1020 3897 Ipsam
1040 3807 1234 3873 Coronidem
1243 3832 1278 3880 35

100 3892 216 3981 Apollo,
240 3909 406 3987 comperto
427 3898 494 3988 ejus
517 3898 690 3980 adulterio,
711 3897 837 3985 sagittis
854 3896 980 3962 occidit
1013 3893 1078 3960 uui
1091 3896 1237 3960 mortuae

102 3994 221 4050 exsecto
257 3986 368 4067 utero,
410 3983 634 4072 Aesculapium
667 3984 818 4075 produxit
852 3983 884 4047 in
921 3981 1034 4046 lucem.
1095 3982 1236 4046 Corvum

102 4078 215 4150 auen,
258 4069 442 4137 naturaliter
476 4092 653 4159 pennarum
689 4069 831 4136 candore
859 4067 1050 4156 plumatum,
1087 4088 1127 4132 ex
1165 4067 1236 4130 albo

112 4148 124 4233 ,⁸
147 4176 216 4222 mm
248 4155 345 4237 fecit,
385 4166 418 4223 et
445 4154 479 4221 in
508 4178 598 4223 suam
626 4155 756 4224 tutelam
783 4154 914 4241 recepit
964 4152 1090 4220 Veritas
1130 4166 1236 4217 autem

102 4166 204 4327 iniret,
238 4260 374 4312 corvam
389 4240 465 4310 ideo
485 4242 520 4311 iu
541 4240 688 4334 Apollinis
709 4240 810 4311 tutela
831 4262 921 4325 esse,
944 4239 1012 4309 sire
1039 4235 1126 4327 quod
1150 4237 1277 4314 solus40

783 4356 807 4423 6
