2684 4606
376 159 561 262 umas.
590 160 662 235 ur.
717 160 758 235 e.
806 156 854 279 a.
880 174 892 277 χ
1087 158 1173 237 aas
1215 98 1237 235 ts·

29 344 182 433 gotiatori
212 344 349 410 maxime
383 343 564 432 linguarum
591 341 740 411 dissertio
773 343 813 412 sit
841 348 1033 422 necessaria.
1074 345 1171 415 'Ideo

29 428 219 518 superorum
241 442 275 496 et
294 430 469 516 inferorum
489 431 734 509 internuntium,
765 429 840 518 quia
862 444 965 505 terras
986 443 1170 521 peragrant,

28 538 117 582 mare
139 515 319 584 ascendunt
341 529 373 583 et
394 515 599 583 transfretant
620 518 830 602 negotiantes.
873 517 978 584 Deum
1002 541 1074 585 esse
1097 518 1170 584 furti

28 615 59 668 et
80 603 187 688 ipsum
217 601 337 681 furem,
377 600 464 689 quod
496 613 691 679 mercatores
726 601 871 690 perjuriis
901 605 1018 674 suiset
1042 602 1170 670 fallaciis

27 688 105 753 alios
129 687 343 773 decipientes,
362 688 492 754 minime
514 711 533 753 a
556 687 678 754 furibus
700 687 826 754 distent
870 687 966 754 Unde
987 704 1020 758 et
1037 696 1196 775 Argums
1277 715 1280 723 ·

27 774 129 839 oculis
150 775 180 838 ei
204 773 286 838 t'alce
308 774 425 850 erutis,
461 772 577 840 dicitur
599 773 773 854 occidisse,
808 772 897 862 quod
917 776 1010 844 astuti
1032 776 1118 855 fures
1141 785 1173 841 et

27 861 166 926 falcatae
188 859 344 924 versutiae
366 857 448 925 dolis
469 859 615 926 instructi
638 860 856 946 negotiatores
877 883 976 947 saepe
997 861 1092 928 etiam
1121 884 1172 926 sa·
1229 901 1259 931 2..
1302 934 1306 944 ,

25 946 240 1033 pientissimos
262 945 362 1024 viros„
392 944 449 1010 sed
471 944 643 1012 saecularis
666 944 841 1012 calliditatis
863 969 991 1028 vacuos,
1013 947 1174 1034 decipiant

24 1046 59 1096 et
76 1029 285 1097 defraudent.
341 1040 446 1116 Argus
471 1052 607 1119 namque
626 1055 757 1096 vacuans
775 1031 1008 1120 interpretatur.
1061 1032 1172 1098 Gallus

23 1117 96 1205 ejus
127 1114 519 1217 deputaturcustodiae,
586 1115 650 1182 uod
678 1117 759 1181 haec
795 1118 859 1184 avis
888 1119 1025 1184 maxime
1057 1119 1215 1205 horamro

23 1201 185 1297 surgendi
222 1202 471 1278 mercatoribus,
515 1141 631 1353 :pulhns
670 1215 815 1289 praeest,
863 1201 1018 1271 denotare
1063 1202 1207 1272 iidem*
1257 1274 1260 1287 ,

25 1304 90 1353 tur.
152 1287 286 1374 lirgam
317 1287 391 1352 ideo
414 1309 513 1354 secun
539 1288 591 1354 um
626 1287 808 1373 Remigium
833 1289 911 1366 fert,
956 1287 1042 1377 quod
1066 1313 1172 1356 sermo

26 1370 200 1439 facundiae
221 1384 311 1439 recto
341 1372 471 1440 rationis
490 1374 618 1440 tramite
641 1385 674 1438 et
702 1374 917 1459 promtissime*
940 1376 1171 1462 pronuntiatur.
1309 1430 1314 1437 .

23 1458 107 1524 ldeo
132 1458 330 1547 serpentibus
351 1459 497 1526 innexam
520 1470 553 1524 et
574 1457 752 1524 caduceum
774 1457 906 1536 dictam,
929 1460 1015 1546 quod
1037 1460 1172 1528 rhetoris
1201 1522 1204 1527 .
1231 1472 1255 1525 .‘

24 1567 136 1610 sermo
174 1545 257 1610 inter
293 1565 467 1610 venenosas
513 1543 765 1610 adversariorum
807 1545 999 1631 litigationes
1037 1547 1215 1633 medrjasls

24 1643 203 1706 currens,
220 1652 345 1697 omnem
367 1631 465 1695 rixam
490 1629 611 1696 cadere
629 1641 745 1717 cogat,
772 1653 893 1719 eosque
915 1632 972 1697 sibi
997 1631 1172 1697 adinvicem

25 1714 223 1781 reconciliet.
278 1714 364 1780 Nam
401 1714 552 1783 bellantes
595 1714 784 1782 disertorum
826 1717 969 1783 oratione
1011 1716 1173 1785 sedantur.

27 1800 127 1865 Unde
163 1799 340 1867 secundum
381 1801 505 1868 Livium
549 1801 645 1888 legati
682 1803 929 1868 'acclamatores
955 1803 1171 1892 appellantur.
1186 1814 1207 1849 v*

27 1887 123 1953 Sicut
143 1887 227 1953 enim
248 1908 305 1974 per
329 1886 457 1954 feciales
479 1886 561 1952 bella
582 1886 823 1966 indicebantur,
845 1889 889 1953 ita
911 1912 970 1976 pax
994 1912 1051 1978 per
1073 1887 1172 1955 cadn-
1201 1954 1209 1965 ἡ
1264 1942 1267 1949 .

27 1987 175 2038 oeatores
197 1974 462 2060 componebatur.
520 1972 623 2047 Quod
642 1974 724 2038 enim
753 1968 827 2038 ideo
849 1975 1028 2042 Mercurius
1048 1977 1216 2063 virgamto
1256 2012 1263 2022 =

28 2057 116 2122 ferre
135 2070 277 2144 putetur,
296 2059 373 2146 quia
392 2057 480 2126 sidus
501 2058 652 2127 Mercurii
674 2082 746 2138 non,
765 2059 847 2126 sicut
865 2059 992 2148 quidam
1016 2061 1171 2151 planetae,

10 2162 86 2231 “per
115 2134 283 2210 anfractus
313 2143 458 2211 absidum
490 2143 635 2224 incedat,
675 2143 805 2232 quando
828 2169 901 2211 cum
924 2147 991 2211 sole
1013 2160 1079 2224 est,
1114 2144 1173 2213 sed
1253 2142 1256 2153 '

26 2230 153 2294 directo
177 2229 299 2296 feratur
321 2231 464 2307 tramite,
498 2243 574 2297 octo
596 2243 700 2298 tamen
724 2244 830 2317 partes
850 2230 1022 2298 latitudinis
1052 2230 1175 2298 zodiaci

27 2331 193 2402 tangens,
213 2337 278 2402 ego
301 2314 428 2402 quidem
452 2338 514 2381 uon
537 2318 648 2404 probo.
699 2317 750 2382 Ex
770 2339 836 2404 ,quo
854 2317 936 2382 enim
959 2317 1084 2406 planeta
1106 2319 1174 2404 qui-

26 2402 105 2467 libet
138 2401 336 2488 plusquam
367 2425 463 2471 unam
493 2402 525 2467 in
562 2401 726 2479 latitudine
759 2401 881 2468 zodiaci
914 2402 955 2468 de
992 2403 1054 2468 llll
1085 2403 1215 2474 lineisas
1264 2466 1267 2477 ,

26 2486 159 2564 transit,
190 2498 280 2555 recto
301 2489 428 2554 tramite
452 2486 632 2576 procedere
653 2510 715 2553 non
742 2498 793 2553 est
818 2487 988 2574 putandus.
1042 2489 1173 2576 Virgam

26 2573 110 2639 illam
129 2594 305 2639 memorem
328 2573 465 2663 appellat
498 2574 690 2653 Martianus,
725 2574 801 2661 quia
821 2595 927 2639 sermo
971 2571 1110 2641 uaelibet
1130 2573 1174 2640 ad

27 2659 216 2726 memoriam
252 2658 350 2727 ducit
401 2659 454 2725 Ea
487 2660 583 2726 etiam
608 2682 754 2726 somnum
789 2656 844 2725 dat
873 2671 906 2724 et
935 2598 1062 2732 adimit,
1097 2661 1172 2762 quia
1277 2670 1280 2677 '

28 2767 136 2811 sermo
158 2745 345 2831 ingeniosus
379 2745 449 2813 lites
470 2745 563 2823 alias,
599 2759 633 2812 ut
655 2745 807 2821 diximus,
843 2745 942 2831 sopit,
976 2745 1052 2812 alias
1075 2755 1171 2810 ettam
1208 2782 1217 2792 κ
1318 2790 1325 2799 -

29 2853 270 2920 nonnumquam
291 2831 416 2898 excitat.
462 2832 565 2896 Vitam
586 2853 716 2918 quoque
737 2830 872 2916 largitur
892 2841 926 2896 et
949 2832 1064 2902 aufert,
1085 2829 1215 2919 quodau

27 2918 113 2984 idem
135 2917 302 2984 rhetorum
315 2939 420 2983 sermo
442 2916 473 2981 in
496 2915 600 2982 causis
622 2917 707 2981 hunc
727 2916 848 2995 liberat,
871 2915 955 2981 hunc
972 2916 1171 2984 condemnat

61 3024 66 3030 ’
114 3003 146 3068 4.
191 3000 259 3069 Sed
294 3013 327 3068 et
360 3003 504 3089 galerum
542 3002 662 3067 habere
695 3001 816 3069 dicitur,
840 3013 969 3087 proter
1004 3002 1173 3090 involutam

30 3090 200 3154 verborum
223 3088 459 3155 obscuritatem.
510 3087 583 3151 Nec
604 3091 650 3153 ab·
667 3089 714 3154 his
738 3086 866 3174 quidem
922 3088 1028 3173 emigii
1051 3087 1173 3154 dissen-

29 3176 68 3241 tit
87 3175 281 3253 auctoritas,
318 3175 475 3261 potentias
506 3173 657 3239 Mercurii
680 3173 722 3239 ad
745 3175 826 3239 haec
845 3175 942 3237 verba
963 3172 1171 3257 desigpantis:

29 3236 183 3337 Themis,
205 3260 315 3347 inquit,
336 3257 531 3345 obscuritas·
554 3259 738 3346 vel'ealz'go
759 3260 1004 3345 interpretatur;
1026 3258 1214 3345 Erigonem

29 3347 205 3412 eontentio
227 3346 274 3411 vel
295 3344 452 3431 litigosa.
504 3345 579 3409 llae
602 3344 788 3431 plermnque
807 3345 957 3409 Mercurii
979 3357 1052 3411 sunt
1074 3345 1174 3423 comi,

29 3445 97 3509 tes,
128 3431 205 3519 quia
226 3434 309 3499 haec
329 3430 450 3495 rhetori
472 3431 669 3509 conveniunt
714 3432 830 3496 Sermo
852 3453 990 3516 namque
1009 3431 1173 3496 rhetorum

30 3516 202 3605 aliquando
225 3520 382 3583 obscurus
402 3525 467 3593 est',
497 3515 667 3604 aliquando
691 3516 812 3591 clarus,
845 3534 1080 3602 nonnumquam
1101 3515 1172 3597 bles

31 3618 63 3670 et
90 3604 205 3693 jurgia
244 3610 408 3690 provocat.
463 3599 529 3666 Per
563 3603 709 3687 geminos
738 3614 921 3689 serpentes,
956 3597 1070 3688 ‹pribus
1104 3601 1172 3704 ejus

31 3691 202 3757 innectitur·
223 3691 312 3775 virga
357 3708 515 3752 venenosa
537 3702 570 3754 et
591 3701 684 3754 acuta
708 3689 871 3755 rhetorum
892 3687 1041 3753 facundia
1064 3687 1215 3775 desig-to
1271 3744 1274 3749 .

30 3790 132 3861 natur.
178 3775 304 3840 Gemini
322 3739 431 3839 butem
454 3771 528 3846 ideo
549 3789 639 3851 sunt,
661 3772 747 3876 quod
771 3795 876 3840 sermo
899 3774 1061 3840 rhetorum
1082 3772 1173 3840 dam·
1283 3778 1291 3792 ¹

32 3882 84 3928 nat
108 3874 143 3928 et
166 3862 286 3928 liberat.
343 3860 409 3924 Per
435 3859 556 3946 virgam
579 3881 653 3924 vero
676 3860 748 3926 nleo
770 3858 905 3925 rhetoris
928 3881 1033 3930 sermo
1055 3860 1172 3946 accipi:

33 3961 101 4024 tur,
130 3950 223 4036 quia,
251 3949 335 4012 sicut
359 3947 464 4030 virga,
498 3956 605 4011 rectus
627 3969 699 4013 esse
721 3956 752 4011 et
774 3943 917 4010 flexibilis
940 3945 970 4009 in
993 3945 1172 4012 oratoribus

34 4035 131 4099 debet
148 4034 291 4124 justitiae
321 4044 361 4114 et=
381 4030 519 4096 veritatis
551 4045 654 4098 tenor.
717 4032 818 4120 Cujus
852 4029 962 4115 virgae
995 4043 1093 4118 caput
1123 4044 1172 4098 est

34 4133 197 4187 auratum.
220 4117 357 4184 medium
380 4116 549 4202 glaucum,
582 4118 672 4202 picea
695 4118 783 4191 finis,
813 4116 886 4202 quia
908 4139 1014 4182 sermo
1030 4117 1212 4186 rhetoricas

35 4205 285 4293 primoquidem
309 4203 440 4289 pulcher
464 4199 602 4282 videtur,
636 4200 753 4271 deiude
774 4215 1010 4290 exasperatur,
1039 4200 1184 4265 aih-uhtu
1254 4258 1265 4294 ,1
1292 4275 1296 4280 .
