<?xml version="1.0" encoding="UTF-8"?>
<!DOCTYPE html PUBLIC "-//W3C//DTD XHTML 1.0 Transitional//EN"
    "http://www.w3.org/TR/xhtml1/DTD/xhtml1-transitional.dtd">
<html xmlns="http://www.w3.org/1999/xhtml" xml:lang="en" lang="en">
 <head>
  <title>
</title>
<meta http-equiv="Content-Type" content="text/html;charset=utf-8" />
  <meta name='ocr-system' content='tesseract 3.04.00' />
  <meta name='ocr-capabilities' content='ocr_page ocr_carea ocr_par ocr_line ocrx_word'/>
</head>
<body>
  <div class='ocr_page' id='page_1' title='image "./scriptoresrereu00bodegoog_0071.png"; bbox 0 0 2684 4606; ppageno 0'>
   <div class='ocr_carea' id='block_1_1' title="bbox 110 180 1090 287">
    <p class='ocr_par' dir='ltr' id='par_1_1' title="bbox 110 180 1090 287">
     <span class='ocr_line' id='line_1_1' title="bbox 110 180 1090 287; baseline -0.002 -24"><span class='ocrx_word' id='word_1_1' title='bbox 110 183 168 263; x_wconf 76' lang='lat' dir='ltr'><strong>sa</strong></span> <span class='ocrx_word' id='word_1_2' title='bbox 410 180 592 287; x_wconf 56' lang='lat' dir='ltr'><strong>upum.</strong></span> <span class='ocrx_word' id='word_1_3' title='bbox 620 184 654 259; x_wconf 90' lang='lat'><strong>1.</strong></span> <span class='ocrx_word' id='word_1_4' title='bbox 709 183 959 261; x_wconf 75' lang='lat' dir='ltr'><strong>rat-tce.</strong></span> <span class='ocrx_word' id='word_1_5' title='bbox 1085 190 1090 207; x_wconf 90' lang='grc'><em>·</em></span> 
     </span>
    </p>
   </div>
   <div class='ocr_carea' id='block_1_2' title="bbox 32 367 1297 1741">
    <p class='ocr_par' dir='ltr' id='par_1_2' title="bbox 32 367 1297 1741">
     <span class='ocr_line' id='line_1_2' title="bbox 111 367 1248 458; baseline -0.004 -19"><span class='ocrx_word' id='word_1_6' title='bbox 111 381 150 441; x_wconf 90' lang='lat' dir='ltr'><strong>ut</strong></span> <span class='ocrx_word' id='word_1_7' title='bbox 176 390 239 436; x_wconf 90' lang='lat' dir='ltr'><strong>uno</strong></span> <span class='ocrx_word' id='word_1_8' title='bbox 270 369 467 436; x_wconf 65' lang='lat' dir='ltr'><strong>Intuerentur</strong></span> <span class='ocrx_word' id='word_1_9' title='bbox 494 367 599 437; x_wconf 84' lang='lat' dir='ltr'><strong>oculo.</strong></span> <span class='ocrx_word' id='word_1_10' title='bbox 652 368 800 439; x_wconf 79' lang='lat' dir='ltr'><strong>Fuerunt</strong></span> <span class='ocrx_word' id='word_1_11' title='bbox 827 381 935 438; x_wconf 90' lang='lat' dir='ltr'><strong>autem</strong></span> <span class='ocrx_word' id='word_1_12' title='bbox 965 368 1248 458; x_wconf 57' lang='lat' dir='ltr'><strong>locupletissimam</strong></span> 
     </span>
     <span class='ocr_line' id='line_1_3' title="bbox 110 454 1249 543; baseline -0.004 -20"><span class='ocrx_word' id='word_1_13' title='bbox 110 456 200 523; x_wconf 88' lang='lat' dir='ltr'><strong>unde</strong></span> <span class='ocrx_word' id='word_1_14' title='bbox 222 466 255 521; x_wconf 89' lang='lat' dir='ltr'><strong>ot</strong></span> <span class='ocrx_word' id='word_1_15' title='bbox 276 458 517 542; x_wconf 80' lang='lat' dir='ltr'>Gorgones,</span> <span class='ocrx_word' id='word_1_16' title='bbox 546 454 638 541; x_wconf 88' lang='lat' dir='ltr'><strong>quasi</strong></span> <span class='ocrx_word' id='word_1_17' title='bbox 661 456 867 542; x_wconf 77' lang='lat' dir='ltr'><strong>georgicae,</strong></span> <span class='ocrx_word' id='word_1_18' title='bbox 895 455 928 522; x_wconf 88' lang='lat' dir='ltr'><strong>id</strong></span> <span class='ocrx_word' id='word_1_19' title='bbox 950 469 1000 525; x_wconf 86' lang='lat' dir='ltr'><strong>est</strong></span> <span class='ocrx_word' id='word_1_20' title='bbox 1020 455 1110 543; x_wconf 86' lang='lat' dir='ltr'><strong>quasi</strong></span> <span class='ocrx_word' id='word_1_21' title='bbox 1133 466 1249 519; x_wconf 86' lang='lat' dir='ltr'><strong>terroe</strong></span> 
     </span>
     <span class='ocr_line' id='line_1_4' title="bbox 112 540 1250 629; baseline -0.002 -22"><span class='ocrx_word' id='word_1_22' title='bbox 112 542 294 609; x_wconf 83' lang='lat' dir='ltr'><strong>cultrices:</strong></span> <span class='ocrx_word' id='word_1_23' title='bbox 349 544 370 625; x_wconf 74' lang='lat' dir='ltr'><strong>ni</strong></span> <span class='ocrx_word' id='word_1_24' title='bbox 398 540 482 606; x_wconf 91' lang='lat' dir='ltr'><strong>enim</strong></span> <span class='ocrx_word' id='word_1_25' title='bbox 503 541 650 614; x_wconf 79' lang='lat' dir='ltr'><strong>Graece,</strong></span> <span class='ocrx_word' id='word_1_26' title='bbox 678 540 796 607; x_wconf 85' lang='lat' dir='ltr'><strong>Latine</strong></span> <span class='ocrx_word' id='word_1_27' title='bbox 824 552 940 621; x_wconf 78' lang='lat' dir='ltr'><strong>terro3</strong></span> <span class='ocrx_word' id='word_1_28' title='bbox 966 543 1107 629; x_wconf 64' lang='lat' dir='ltr'><strong>propylo</strong></span> <span class='ocrx_word' id='word_1_29' title='bbox 1134 540 1250 606; x_wconf 87' lang='lat' dir='ltr'><strong>dieitur</strong></span> 
     </span>
     <span class='ocr_line' id='line_1_5' title="bbox 112 566 1249 715; baseline -0.001 -23"><span class='ocrx_word' id='word_1_30' title='bbox 112 626 267 692; x_wconf 81' lang='lat' dir='ltr'><strong>cultura.</strong></span> <span class='ocrx_word' id='word_1_31' title='bbox 316 566 445 693; x_wconf 87' lang='lat' dir='ltr'><strong>Mortuo</strong></span> <span class='ocrx_word' id='word_1_32' title='bbox 468 626 575 713; x_wconf 78' lang='lat' dir='ltr'><strong>patre,</strong></span> <span class='ocrx_word' id='word_1_33' title='bbox 602 623 737 692; x_wconf 84' lang='lat' dir='ltr'>Medusa</span> <span class='ocrx_word' id='word_1_34' title='bbox 758 626 859 715; x_wconf 88' lang='lat' dir='ltr'><strong>major</strong></span> <span class='ocrx_word' id='word_1_35' title='bbox 879 627 943 694; x_wconf 88' lang='lat' dir='ltr'><strong>filia</strong></span> <span class='ocrx_word' id='word_1_36' title='bbox 965 630 996 692; x_wconf 89' lang='lat' dir='ltr'><strong>in</strong></span> <span class='ocrx_word' id='word_1_37' title='bbox 1018 648 1155 712; x_wconf 85' lang='lat' dir='ltr'><strong>regnum</strong></span> <span class='ocrx_word' id='word_1_38' title='bbox 1176 646 1249 692; x_wconf 89' lang='lat' dir='ltr'><strong>suc-</strong></span> 
     </span>
     <span class='ocr_line' id='line_1_6' title="bbox 87 711 1251 801; baseline -0.001 -23"><span class='ocrx_word' id='word_1_39' title='bbox 87 712 228 783; x_wconf 70' lang='lat' dir='ltr'><strong>cressit,</strong></span> <span class='ocrx_word' id='word_1_40' title='bbox 257 734 352 800; x_wconf 89' lang='lat' dir='ltr'><strong>quam</strong></span> <span class='ocrx_word' id='word_1_41' title='bbox 374 713 530 791; x_wconf 88' lang='lat' dir='ltr'><strong>Perseus,</strong></span> <span class='ocrx_word' id='word_1_42' title='bbox 559 733 616 778; x_wconf 85' lang='lat' dir='ltr'><strong>rex</strong></span> <span class='ocrx_word' id='word_1_43' title='bbox 637 712 747 792; x_wconf 85' lang='lat' dir='ltr'><strong>Asiae,</strong></span> <span class='ocrx_word' id='word_1_44' title='bbox 768 711 943 794; x_wconf 81' lang='lat' dir='ltr'><strong>interfecit,</strong></span> <span class='ocrx_word' id='word_1_45' title='bbox 971 725 1005 780; x_wconf 90' lang='lat' dir='ltr'><strong>et</strong></span> <span class='ocrx_word' id='word_1_46' title='bbox 1024 712 1092 801; x_wconf 87' lang='lat' dir='ltr'><strong>ejus</strong></span> <span class='ocrx_word' id='word_1_47' title='bbox 1113 732 1251 798; x_wconf 80' lang='lat' dir='ltr'><strong>regnum</strong></span> 
     </span>
     <span class='ocr_line' id='line_1_7' title="bbox 89 796 1271 891; baseline -0.006 -27"><span class='ocrx_word' id='word_1_48' title='bbox 89 796 251 865; x_wconf 65' lang='lat' dir='ltr'><strong>abstulit,</strong></span> <span class='ocrx_word' id='word_1_49' title='bbox 293 796 419 865; x_wconf 88' lang='lat' dir='ltr'><strong>Veritas</strong></span> <span class='ocrx_word' id='word_1_50' title='bbox 440 809 546 864; x_wconf 89' lang='lat' dir='ltr'><strong>tamen</strong></span> <span class='ocrx_word' id='word_1_51' title='bbox 567 799 635 867; x_wconf 85' lang='lat' dir='ltr'><strong>hnc¹</strong></span> <span class='ocrx_word' id='word_1_52' title='bbox 650 796 748 863; x_wconf 90' lang='lat' dir='ltr'><strong>modo</strong></span> <span class='ocrx_word' id='word_1_53' title='bbox 770 820 806 863; x_wconf 89' lang='lat' dir='ltr'><strong>se</strong></span> <span class='ocrx_word' id='word_1_54' title='bbox 826 798 932 865; x_wconf 86' lang='lat' dir='ltr'><strong>habet.</strong></span> <span class='ocrx_word' id='word_1_55' title='bbox 975 800 1114 883; x_wconf 81' lang='lat' dir='ltr'>Gorgon</span> <span class='ocrx_word' id='word_1_56' title='bbox 1138 803 1271 891; x_wconf 32' lang='lat' dir='ltr'><strong>terror!</strong></span> 
     </span>
     <span class='ocr_line' id='line_1_8' title="bbox 109 880 1253 972; baseline -0.008 -21"><span class='ocrx_word' id='word_1_57' title='bbox 109 883 355 969; x_wconf 82' lang='lat' dir='ltr'><strong>interpretatur,</strong></span> <span class='ocrx_word' id='word_1_58' title='bbox 384 880 507 951; x_wconf 86' lang='lat' dir='ltr'><strong>Stheno</strong></span> <span class='ocrx_word' id='word_1_59' title='bbox 533 880 715 963; x_wconf 78' lang='lat' dir='ltr'><strong>debilitas,</strong></span> <span class='ocrx_word' id='word_1_60' title='bbox 746 882 887 972; x_wconf 83' lang='lat' dir='ltr'><strong>Euryale</strong></span> <span class='ocrx_word' id='word_1_61' title='bbox 912 884 990 949; x_wconf 86' lang='lat' dir='ltr'><strong>lata</strong></span> <span class='ocrx_word' id='word_1_62' title='bbox 1012 880 1253 969; x_wconf 69' lang='lat' dir='ltr'><strong>profunditur,</strong></span> 
     </span>
     <span class='ocr_line' id='line_1_9' title="bbox 110 964 1285 1035; baseline -0.003 0"><span class='ocrx_word' id='word_1_63' title='bbox 110 966 250 1035; x_wconf 84' lang='lat' dir='ltr'><strong>Medusa</strong></span> <span class='ocrx_word' id='word_1_64' title='bbox 276 968 433 1033; x_wconf 81' lang='lat' dir='ltr'><strong>amentia</strong></span> <span class='ocrx_word' id='word_1_65' title='bbox 456 967 504 1033; x_wconf 91' lang='lat' dir='ltr'><strong>vel</strong></span> <span class='ocrx_word' id='word_1_66' title='bbox 527 966 663 1031; x_wconf 79' lang='lat' dir='ltr'><strong>oblivio.</strong></span> <span class='ocrx_word' id='word_1_67' title='bbox 706 968 802 1035; x_wconf 90' lang='lat' dir='ltr'><strong>Haec</strong></span> <span class='ocrx_word' id='word_1_68' title='bbox 825 982 932 1035; x_wconf 89' lang='lat' dir='ltr'><strong>autem</strong></span> <span class='ocrx_word' id='word_1_69' title='bbox 959 968 1066 1034; x_wconf 90' lang='lat' dir='ltr'><strong>omnia</strong></span> <span class='ocrx_word' id='word_1_70' title='bbox 1092 965 1125 1031; x_wconf 88' lang='lat' dir='ltr'><strong>iu</strong></span> <span class='ocrx_word' id='word_1_71' title='bbox 1141 964 1251 1031; x_wconf 72' lang='lat' dir='ltr'><strong>&#39;homi</strong></span> <span class='ocrx_word' id='word_1_72' title='bbox 1281 992 1285 1001; x_wconf 93' lang='lat'>·</span> 
     </span>
     <span class='ocr_line' id='line_1_10' title="bbox 112 1050 1294 1140; baseline -0.004 -22"><span class='ocrx_word' id='word_1_73' title='bbox 112 1053 206 1120; x_wconf 89' lang='lat' dir='ltr'><strong>nibus</strong></span> <span class='ocrx_word' id='word_1_74' title='bbox 233 1064 388 1119; x_wconf 88' lang='lat' dir='ltr'><strong>terrorem</strong></span> <span class='ocrx_word' id='word_1_75' title='bbox 414 1062 598 1140; x_wconf 87' lang='lat' dir='ltr'><strong>operantur.</strong></span> <span class='ocrx_word' id='word_1_76' title='bbox 642 1051 783 1119; x_wconf 85' lang='lat' dir='ltr'><strong>Perseus</strong></span> <span class='ocrx_word' id='word_1_77' title='bbox 811 1066 918 1121; x_wconf 90' lang='lat' dir='ltr'><strong>autem</strong></span> <span class='ocrx_word' id='word_1_78' title='bbox 943 1053 975 1118; x_wconf 93' lang='lat' dir='ltr'><strong>in</strong></span> <span class='ocrx_word' id='word_1_79' title='bbox 1001 1055 1107 1139; x_wconf 81' lang='lat' dir='ltr'><strong>figura</strong></span> <span class='ocrx_word' id='word_1_80' title='bbox 1129 1050 1250 1131; x_wconf 76' lang='lat' dir='ltr'><strong>virtutis</strong></span> <span class='ocrx_word' id='word_1_81' title='bbox 1290 1110 1294 1137; x_wconf 58' lang='grc' dir='ltr'>Ι</span> 
     </span>
     <span class='ocr_line' id='line_1_11' title="bbox 69 1136 1279 1228; baseline -0.001 -24"><span class='ocrx_word' id='word_1_82' title='bbox 69 1139 251 1228; x_wconf 73' lang='lat' dir='ltr'><strong>reponitur,</strong></span> <span class='ocrx_word' id='word_1_83' title='bbox 274 1139 327 1226; x_wconf 86' lang='lat' dir='ltr'><strong>qui</strong></span> <span class='ocrx_word' id='word_1_84' title='bbox 338 1140 528 1226; x_wconf 81' lang='lat' dir='ltr'><strong>Gorgonem</strong></span> <span class='ocrx_word' id='word_1_85' title='bbox 547 1137 660 1204; x_wconf 85' lang='lat' dir='ltr'><strong>auxilio</strong></span> <span class='ocrx_word' id='word_1_86' title='bbox 675 1138 837 1205; x_wconf 88' lang='lat' dir='ltr'><strong>Minervae</strong></span> <span class='ocrx_word' id='word_1_87' title='bbox 856 1138 1032 1219; x_wconf 87' lang='lat' dir='ltr'><strong>interfecit;</strong></span> <span class='ocrx_word' id='word_1_88' title='bbox 1061 1136 1279 1226; x_wconf 68' lang='lat' dir='ltr'><strong>quistione·</strong></span> 
     </span>
     <span class='ocr_line' id='line_1_12' title="bbox 112 1220 1251 1321; baseline -0.005 -28"><span class='ocrx_word' id='word_1_89' title='bbox 112 1225 288 1311; x_wconf 75' lang='lat' dir='ltr'><strong>sapientiae</strong></span> <span class='ocrx_word' id='word_1_90' title='bbox 302 1247 412 1291; x_wconf 88' lang='lat' dir='ltr'><strong>omnes</strong></span> <span class='ocrx_word' id='word_1_91' title='bbox 427 1224 523 1291; x_wconf 85' lang='lat' dir='ltr'><strong>vincit</strong></span> <span class='ocrx_word' id='word_1_92' title='bbox 535 1236 685 1292; x_wconf 87' lang='lat' dir='ltr'><strong>terrores.</strong></span> <span class='ocrx_word' id='word_1_93' title='bbox 726 1225 781 1291; x_wconf 87' lang='lat' dir='ltr'><strong>De</strong></span> <span class='ocrx_word' id='word_1_94' title='bbox 794 1226 953 1312; x_wconf 83' lang='lat' dir='ltr'><strong>sanguine</strong></span> <span class='ocrx_word' id='word_1_95' title='bbox 967 1236 1075 1321; x_wconf 74' lang='lat' dir='ltr'><strong>autem</strong></span> <span class='ocrx_word' id='word_1_96' title='bbox 1087 1220 1251 1308; x_wconf 74' lang='lat' dir='ltr'><strong>Gorgonis</strong></span> 
     </span>
     <span class='ocr_line' id='line_1_13' title="bbox 110 1307 1252 1399; baseline -0.003 -23"><span class='ocrx_word' id='word_1_97' title='bbox 110 1322 207 1377; x_wconf 86' lang='lat' dir='ltr'><strong>natus</strong></span> <span class='ocrx_word' id='word_1_98' title='bbox 220 1321 269 1375; x_wconf 91' lang='lat' dir='ltr'><strong>est</strong></span> <span class='ocrx_word' id='word_1_99' title='bbox 282 1310 442 1396; x_wconf 77' lang='lat' dir='ltr'><strong>Pegasus,</strong></span> <span class='ocrx_word' id='word_1_100' title='bbox 463 1309 517 1397; x_wconf 89' lang='lat' dir='ltr'><strong>qui</strong></span> <span class='ocrx_word' id='word_1_101' title='bbox 524 1307 634 1395; x_wconf 75' lang='lat' dir='ltr'><strong>famu</strong></span> <span class='ocrx_word' id='word_1_102' title='bbox 649 1309 892 1399; x_wconf 89' lang='lat' dir='ltr'><strong>interpretatur;</strong></span> <span class='ocrx_word' id='word_1_103' title='bbox 912 1322 947 1378; x_wconf 92' lang='lat' dir='ltr'><strong>et</strong></span> <span class='ocrx_word' id='word_1_104' title='bbox 960 1308 1044 1399; x_wconf 88' lang='lat' dir='ltr'><strong>pede</strong></span> <span class='ocrx_word' id='word_1_105' title='bbox 1058 1331 1118 1375; x_wconf 90' lang='lat' dir='ltr'><strong>suo</strong></span> <span class='ocrx_word' id='word_1_106' title='bbox 1132 1307 1252 1373; x_wconf 81' lang='lat' dir='ltr'><strong>iontem</strong></span> 
     </span>
     <span class='ocr_line' id='line_1_14' title="bbox 32 1393 1252 1484; baseline -0.002 -22"><span class='ocrx_word' id='word_1_107' title='bbox 32 1461 36 1470; x_wconf 83' lang='grc'><strong>,</strong></span> <span class='ocrx_word' id='word_1_108' title='bbox 112 1395 274 1462; x_wconf 78' lang='lat' dir='ltr'><strong>Castaliae</strong></span> <span class='ocrx_word' id='word_1_109' title='bbox 288 1397 353 1461; x_wconf 84' lang='lat' dir='ltr'><strong>sive</strong></span> <span class='ocrx_word' id='word_1_110' title='bbox 367 1396 551 1484; x_wconf 83' lang='lat' dir='ltr'><strong>Pegaseum</strong></span> <span class='ocrx_word' id='word_1_111' title='bbox 568 1393 734 1481; x_wconf 75' lang='lat' dir='ltr'><strong>produxit;</strong></span> <span class='ocrx_word' id='word_1_112' title='bbox 756 1397 830 1483; x_wconf 86' lang='lat' dir='ltr'><strong>quia</strong></span> <span class='ocrx_word' id='word_1_113' title='bbox 846 1396 953 1475; x_wconf 80' lang='lat' dir='ltr'><strong>virtus,</strong></span> <span class='ocrx_word' id='word_1_114' title='bbox 968 1393 1075 1462; x_wconf 88' lang='lat' dir='ltr'><strong>omnia</strong></span> <span class='ocrx_word' id='word_1_115' title='bbox 1086 1414 1252 1481; x_wconf 86' lang='lat' dir='ltr'><strong>superans,</strong></span> 
     </span>
     <span class='ocr_line' id='line_1_15' title="bbox 110 1476 1253 1570; baseline -0.003 -23"><span class='ocrx_word' id='word_1_116' title='bbox 110 1481 231 1547; x_wconf 89' lang='lat' dir='ltr'><strong>bonam</strong></span> <span class='ocrx_word' id='word_1_117' title='bbox 252 1480 312 1546; x_wconf 89' lang='lat' dir='ltr'><strong>sibi</strong></span> <span class='ocrx_word' id='word_1_118' title='bbox 338 1483 473 1569; x_wconf 84' lang='lat' dir='ltr'><strong>acquirit</strong></span> <span class='ocrx_word' id='word_1_119' title='bbox 493 1482 619 1546; x_wconf 87' lang='lat' dir='ltr'><strong>lamam.</strong></span> <span class='ocrx_word' id='word_1_120' title='bbox 662 1480 975 1568; x_wconf 52' lang='lat' dir='ltr'><strong>Fingunturvautem</strong></span> <span class='ocrx_word' id='word_1_121' title='bbox 998 1486 1123 1570; x_wconf 79' lang='lat' dir='ltr'><strong>politae·</strong></span> <span class='ocrx_word' id='word_1_122' title='bbox 1137 1476 1181 1545; x_wconf 91' lang='lat' dir='ltr'><strong>de</strong></span> <span class='ocrx_word' id='word_1_123' title='bbox 1201 1476 1253 1545; x_wconf 90' lang='lat' dir='ltr'><strong>illo</strong></span> 
     </span>
     <span class='ocr_line' id='line_1_16' title="bbox 70 1561 1297 1657; baseline -0.005 -22"><span class='ocrx_word' id='word_1_124' title='bbox 70 1584 107 1635; x_wconf 80' lang='lat'><strong>15</strong></span> <span class='ocrx_word' id='word_1_125' title='bbox 136 1579 225 1633; x_wconf 90' lang='lat' dir='ltr'><strong>otare</strong></span> <span class='ocrx_word' id='word_1_126' title='bbox 248 1566 353 1646; x_wconf 90' lang='lat' dir='ltr'><strong>sonte,</strong></span> <span class='ocrx_word' id='word_1_127' title='bbox 389 1567 463 1656; x_wconf 84' lang='lat' dir='ltr'><strong>quia</strong></span> <span class='ocrx_word' id='word_1_128' title='bbox 491 1567 624 1657; x_wconf 71' lang='lat' dir='ltr'><strong>poeticis</strong></span> <span class='ocrx_word' id='word_1_129' title='bbox 652 1567 977 1653; x_wconf 70' lang='lat' dir='ltr'><strong>tigmentis&#39;maxime</strong></span> <span class='ocrx_word' id='word_1_130' title='bbox 1006 1566 1093 1631; x_wconf 84' lang='lat' dir='ltr'><strong>lama</strong></span> <span class='ocrx_word' id='word_1_131' title='bbox 1119 1561 1253 1653; x_wconf 78' lang='lat' dir='ltr'><strong>iuratur.</strong></span> <span class='ocrx_word' id='word_1_132' title='bbox 1292 1568 1297 1581; x_wconf 88' lang='lat'>&#39;</span> 
     </span>
     <span class='ocr_line' id='line_1_17' title="bbox 147 1650 1250 1741; baseline -0.004 -20"><span class='ocrx_word' id='word_1_133' title='bbox 147 1650 299 1721; x_wconf 90' lang='lat' dir='ltr'><strong>otaudum</strong></span> <span class='ocrx_word' id='word_1_134' title='bbox 321 1663 371 1720; x_wconf 91' lang='lat' dir='ltr'><strong>est</strong></span> <span class='ocrx_word' id='word_1_135' title='bbox 394 1675 487 1736; x_wconf 85' lang='lat' dir='ltr'><strong>vero,</strong></span> <span class='ocrx_word' id='word_1_136' title='bbox 515 1652 604 1741; x_wconf 83' lang='lat' dir='ltr'><strong>quod</strong></span> <span class='ocrx_word' id='word_1_137' title='bbox 625 1652 776 1738; x_wconf 78' lang='lat' dir='ltr'><strong>Pegasus</strong></span> <span class='ocrx_word' id='word_1_138' title='bbox 800 1675 902 1741; x_wconf 86' lang='lat' dir='ltr'><strong>equus</strong></span> <span class='ocrx_word' id='word_1_139' title='bbox 925 1652 983 1721; x_wconf 88' lang='lat' dir='ltr'><strong>luit</strong></span> <span class='ocrx_word' id='word_1_140' title='bbox 1005 1650 1158 1741; x_wconf 86' lang='lat' dir='ltr'><strong>Neptuni.</strong></span> <span class='ocrx_word' id='word_1_141' title='bbox 1243 1688 1250 1699; x_wconf 92' lang='lat'>·</span> 
     </span>
    </p>
   </div>
   <div class='ocr_carea' id='block_1_3' title="bbox 414 1815 950 1921">
    <p class='ocr_par' dir='ltr' id='par_1_3' title="bbox 414 1815 950 1921">
     <span class='ocr_line' id='line_1_18' title="bbox 414 1815 950 1921; baseline -0.002 -28"><span class='ocrx_word' id='word_1_142' title='bbox 414 1815 504 1893; x_wconf 90' lang='grc'><strong>151.</strong></span> <span class='ocrx_word' id='word_1_143' title='bbox 559 1818 748 1905; x_wconf 82' lang='lat' dir='ltr'><strong>Medusa</strong></span> <span class='ocrx_word' id='word_1_144' title='bbox 783 1818 950 1921; x_wconf 67' lang='lat' dir='ltr'><strong>Gorgo.</strong></span> 
     </span>
    </p>
   </div>
   <div class='ocr_carea' id='block_1_4' title="bbox 70 1944 1296 2466">
    <p class='ocr_par' dir='ltr' id='par_1_4' title="bbox 70 1944 1296 2466">
     <span class='ocr_line' id='line_1_19' title="bbox 199 1944 1254 2037; baseline 0 -24"><span class='ocrx_word' id='word_1_145' title='bbox 199 1944 338 2015; x_wconf 87' lang='lat' dir='ltr'><strong>Medusa</strong></span> <span class='ocrx_word' id='word_1_146' title='bbox 359 1946 476 2035; x_wconf 79' lang='lat' dir='ltr'><strong>Gorgo</strong></span> <span class='ocrx_word' id='word_1_147' title='bbox 504 1969 601 2034; x_wconf 88' lang='lat' dir='ltr'><strong>quum</strong></span> <span class='ocrx_word' id='word_1_148' title='bbox 624 1959 755 2034; x_wconf 88' lang='lat' dir='ltr'><strong>propter</strong></span> <span class='ocrx_word' id='word_1_149' title='bbox 781 1946 1046 2035; x_wconf 88' lang='lat' dir='ltr'><strong>pulchritudinem</strong></span> <span class='ocrx_word' id='word_1_150' title='bbox 1067 1970 1088 2014; x_wconf 89' lang='lat' dir='ltr'><strong>a</strong></span> <span class='ocrx_word' id='word_1_151' title='bbox 1112 1946 1254 2037; x_wconf 86' lang='lat' dir='ltr'><strong>pluribus</strong></span> 
     </span>
     <span class='ocr_line' id='line_1_20' title="bbox 113 2032 1256 2185; baseline 0 -86"><span class='ocrx_word' id='word_1_152' title='bbox 113 2044 297 2123; x_wconf 85' lang='lat' dir='ltr'><strong>peteretur,</strong></span> <span class='ocrx_word' id='word_1_153' title='bbox 334 2034 519 2185; x_wconf 56' lang='lat' dir='ltr'><strong>conjupium</strong></span> <span class='ocrx_word' id='word_1_154' title='bbox 549 2032 693 2118; x_wconf 83' lang='lat' dir='ltr'><strong>Neptuni</strong></span> <span class='ocrx_word' id='word_1_155' title='bbox 720 2034 867 2121; x_wconf 77' lang='lat' dir='ltr'><strong>effugere</strong></span> <span class='ocrx_word' id='word_1_156' title='bbox 896 2057 960 2101; x_wconf 90' lang='lat' dir='ltr'><strong>non</strong></span> <span class='ocrx_word' id='word_1_157' title='bbox 989 2034 1104 2122; x_wconf 85' lang='lat' dir='ltr'><strong>potuit.</strong></span> <span class='ocrx_word' id='word_1_158' title='bbox 1162 2034 1256 2109; x_wconf 81' lang='lat' dir='ltr'><strong>Quae</strong></span> 
     </span>
     <span class='ocr_line' id='line_1_21' title="bbox 70 2118 1287 2209; baseline 0.002 -26"><span class='ocrx_word' id='word_1_159' title='bbox 70 2120 265 2208; x_wconf 61' lang='lat' dir='ltr'><strong>wquoniam</strong></span> <span class='ocrx_word' id='word_1_160' title='bbox 292 2119 324 2185; x_wconf 91' lang='lat' dir='ltr'><strong>iu</strong></span> <span class='ocrx_word' id='word_1_161' title='bbox 352 2129 471 2209; x_wconf 86' lang='lat' dir='ltr'><strong>tempo</strong></span> <span class='ocrx_word' id='word_1_162' title='bbox 500 2118 664 2184; x_wconf 81' lang='lat' dir='ltr'><strong>Minervae</strong></span> <span class='ocrx_word' id='word_1_163' title='bbox 693 2142 766 2187; x_wconf 92' lang='lat' dir='ltr'><strong>cum</strong></span> <span class='ocrx_word' id='word_1_164' title='bbox 794 2142 835 2185; x_wconf 92' lang='lat' dir='ltr'><strong>eo</strong></span> <span class='ocrx_word' id='word_1_165' title='bbox 864 2141 932 2186; x_wconf 86' lang='lat' dir='ltr'><strong>rem</strong></span> <span class='ocrx_word' id='word_1_166' title='bbox 963 2118 1089 2197; x_wconf 89' lang='lat' dir='ltr'><strong>habuit,</strong></span> <span class='ocrx_word' id='word_1_167' title='bbox 1123 2131 1287 2209; x_wconf 78' lang='lat' dir='ltr'><strong>propter,-</strong></span> 
     </span>
     <span class='ocr_line' id='line_1_22' title="bbox 114 2201 1255 2296; baseline -0.002 -24"><span class='ocrx_word' id='word_1_168' title='bbox 114 2205 302 2292; x_wconf 79' lang='lat' dir='ltr'><strong>religiouem</strong></span> <span class='ocrx_word' id='word_1_169' title='bbox 332 2201 412 2287; x_wconf 88' lang='lat' dir='ltr'><strong>loci,</strong></span> <span class='ocrx_word' id='word_1_170' title='bbox 442 2224 538 2293; x_wconf 90' lang='lat' dir='ltr'><strong>quem</strong></span> <span class='ocrx_word' id='word_1_171' title='bbox 567 2204 755 2291; x_wconf 84' lang='lat' dir='ltr'><strong>inquinarit,</strong></span> <span class='ocrx_word' id='word_1_172' title='bbox 789 2205 893 2273; x_wconf 89' lang='lat' dir='ltr'><strong>crines</strong></span> <span class='ocrx_word' id='word_1_173' title='bbox 919 2204 987 2296; x_wconf 88' lang='lat' dir='ltr'><strong>ejus</strong></span> <span class='ocrx_word' id='word_1_174' title='bbox 1015 2202 1196 2275; x_wconf 82' lang='lat' dir='ltr'><strong>abeodem</strong></span> <span class='ocrx_word' id='word_1_175' title='bbox 1223 2204 1255 2279; x_wconf 82' lang='lat' dir='ltr'><strong>io</strong></span> 
     </span>
     <span class='ocr_line' id='line_1_23' title="bbox 115 2290 1296 2380; baseline -0.003 -21"><span class='ocrx_word' id='word_1_176' title='bbox 115 2301 282 2378; x_wconf 80' lang='lat' dir='ltr'><strong>serpentes</strong></span> <span class='ocrx_word' id='word_1_177' title='bbox 316 2301 390 2357; x_wconf 90' lang='lat' dir='ltr'><strong>sunt</strong></span> <span class='ocrx_word' id='word_1_178' title='bbox 419 2291 551 2371; x_wconf 86' lang='lat' dir='ltr'><strong>mutati,</strong></span> <span class='ocrx_word' id='word_1_179' title='bbox 592 2303 648 2371; x_wconf 91' lang='lat' dir='ltr'><strong>ut,</strong></span> <span class='ocrx_word' id='word_1_180' title='bbox 687 2314 785 2380; x_wconf 92' lang='lat' dir='ltr'><strong>quum</strong></span> <span class='ocrx_word' id='word_1_181' title='bbox 819 2291 919 2380; x_wconf 90' lang='lat' dir='ltr'><strong>petita</strong></span> <span class='ocrx_word' id='word_1_182' title='bbox 950 2291 983 2355; x_wconf 91' lang='lat' dir='ltr'><strong>in</strong></span> <span class='ocrx_word' id='word_1_183' title='bbox 1018 2290 1205 2380; x_wconf 79' lang='lat' dir='ltr'><strong>conjugium</strong></span> <span class='ocrx_word' id='word_1_184' title='bbox 1236 2310 1263 2365; x_wconf 72' lang='lat' dir='ltr'><strong>a¹</strong></span> <span class='ocrx_word' id='word_1_185' title='bbox 1292 2304 1296 2322; x_wconf 88' lang='grc'>·</span> 
     </span>
     <span class='ocr_line' id='line_1_24' title="bbox 115 2373 1260 2466; baseline 0.002 -25"><span class='ocrx_word' id='word_1_186' title='bbox 115 2376 258 2466; x_wconf 88' lang='lat' dir='ltr'><strong>pluribus</strong></span> <span class='ocrx_word' id='word_1_187' title='bbox 286 2373 393 2464; x_wconf 90' lang='lat' dir='ltr'><strong>procis</strong></span> <span class='ocrx_word' id='word_1_188' title='bbox 421 2388 525 2458; x_wconf 84' lang='lat' dir='ltr'><strong>esset,</strong></span> <span class='ocrx_word' id='word_1_189' title='bbox 552 2374 681 2466; x_wconf 88' lang='lat' dir='ltr'><strong>objecta</strong></span> <span class='ocrx_word' id='word_1_190' title='bbox 701 2376 921 2457; x_wconf 78' lang='lat' dir='ltr'><strong>deformitate,</strong></span> <span class='ocrx_word' id='word_1_191' title='bbox 951 2376 1062 2444; x_wconf 80' lang='lat' dir='ltr'><strong>obuios</strong></span> <span class='ocrx_word' id='word_1_192' title='bbox 1087 2376 1122 2443; x_wconf 89' lang='lat' dir='ltr'><strong>iu</strong></span> <span class='ocrx_word' id='word_1_193' title='bbox 1143 2374 1260 2465; x_wconf 67' lang='lat' dir='ltr'><strong>togam,</strong></span> 
     </span>
    </p>
   </div>
   <div class='ocr_carea' id='block_1_5' title="bbox 1 2473 935 2707">
    <p class='ocr_par' dir='ltr' id='par_1_5' title="bbox 1 2473 935 2707">
     <span class='ocr_line' id='line_1_25' title="bbox 19 2473 264 2558; baseline -0.008 -27"><span class='ocrx_word' id='word_1_194' title='bbox 19 2474 30 2519; x_wconf 83' lang='lat'><strong>&#39;¹</strong></span> <span class='ocrx_word' id='word_1_195' title='bbox 74 2473 264 2558; x_wconf 41' lang='lat' dir='ltr'><strong>&#39;‘verteret-</strong></span> 
     </span>
     <span class='ocr_line' id='line_1_26' title="bbox 1 2599 935 2707; baseline -0.032 0"><span class='ocrx_word' id='word_1_196' title='bbox 1 2676 7 2707; x_wconf 56' lang='grc' dir='ltr'><em>ε</em></span> <span class='ocrx_word' id='word_1_197' title='bbox 71 2649 111 2702; x_wconf 82' lang='lat' dir='ltr'><strong>aa</strong></span> <span class='ocrx_word' id='word_1_198' title='bbox 437 2599 529 2677; x_wconf 77' lang='grc'><strong>152.</strong></span> <span class='ocrx_word' id='word_1_199' title='bbox 583 2604 699 2679; x_wconf 86' lang='lat' dir='ltr'><strong>Tres</strong></span> <span class='ocrx_word' id='word_1_200' title='bbox 734 2600 935 2677; x_wconf 86' lang='lat' dir='ltr'><strong>Gratiae.</strong></span> 
     </span>
    </p>
   </div>
   <div class='ocr_carea' id='block_1_6' title="bbox 116 2726 1288 3055">
    <p class='ocr_par' dir='ltr' id='par_1_6' title="bbox 116 2726 1288 3055">
     <span class='ocr_line' id='line_1_27' title="bbox 201 2726 1288 2819; baseline 0 -24"><span class='ocrx_word' id='word_1_201' title='bbox 201 2728 350 2819; x_wconf 87' lang='lat' dir='ltr'><strong>Juppiter</strong></span> <span class='ocrx_word' id='word_1_202' title='bbox 370 2739 436 2798; x_wconf 90' lang='lat' dir='ltr'><strong>tres</strong></span> <span class='ocrx_word' id='word_1_203' title='bbox 458 2730 538 2796; x_wconf 88' lang='lat' dir='ltr'><strong>filias</strong></span> <span class='ocrx_word' id='word_1_204' title='bbox 559 2729 710 2796; x_wconf 83' lang='lat' dir='ltr'><strong>habuisse</strong></span> <span class='ocrx_word' id='word_1_205' title='bbox 728 2729 757 2795; x_wconf 93' lang='lat' dir='ltr'><strong>le</strong></span> <span class='ocrx_word' id='word_1_206' title='bbox 782 2728 846 2797; x_wconf 91' lang='lat' dir='ltr'><strong>itur</strong></span> <span class='ocrx_word' id='word_1_207' title='bbox 864 2753 937 2799; x_wconf 90' lang='lat' dir='ltr'><strong>cum</strong></span> <span class='ocrx_word' id='word_1_208' title='bbox 952 2731 1098 2810; x_wconf 81' lang='lat' dir='ltr'><strong>Junone,</strong></span> <span class='ocrx_word' id='word_1_209' title='bbox 1122 2726 1258 2795; x_wconf 77' lang='lat' dir='ltr'><strong>famulas</strong></span> <span class='ocrx_word' id='word_1_210' title='bbox 1284 2752 1288 2761; x_wconf 95' lang='lat'>·</span> 
     </span>
     <span class='ocr_line' id='line_1_28' title="bbox 116 2814 1285 2920; baseline -0.001 -40"><span class='ocrx_word' id='word_1_211' title='bbox 116 2815 272 2903; x_wconf 60' lang='lat' dir='ltr'><strong>Veneris,</strong></span> <span class='ocrx_word' id='word_1_212' title='bbox 306 2838 441 2920; x_wconf 71' lang='lat' dir='ltr'><strong>quarum</strong></span> <span class='ocrx_word' id='word_1_213' title='bbox 470 2815 597 2880; x_wconf 88' lang='lat' dir='ltr'><strong>nomina</strong></span> <span class='ocrx_word' id='word_1_214' title='bbox 624 2826 715 2883; x_wconf 91' lang='lat' dir='ltr'><strong>sunt:</strong></span> <span class='ocrx_word' id='word_1_215' title='bbox 778 2816 919 2919; x_wconf 67' lang='lat' dir='ltr'><strong>asithea,</strong></span> <span class='ocrx_word' id='word_1_216' title='bbox 946 2814 1285 2917; x_wconf 26' lang='grc' dir='ltr'><strong>ΑςΙιειίθκΕυρΙποέΙ</strong></span> 
     </span>
     <span class='ocr_line' id='line_1_29' title="bbox 116 2900 1258 3055; baseline 0 -86"><span class='ocrx_word' id='word_1_217' title='bbox 116 2923 244 3055; x_wconf 64' lang='lat' dir='ltr'><strong>Milan</strong></span> <span class='ocrx_word' id='word_1_218' title='bbox 257 2902 303 2970; x_wconf 83' lang='lat' dir='ltr'><strong>Et</strong></span> <span class='ocrx_word' id='word_1_219' title='bbox 330 2925 405 2991; x_wconf 83' lang='lat' dir='ltr'><strong>quus</strong></span> <span class='ocrx_word' id='word_1_220' title='bbox 433 2900 571 2985; x_wconf 82' lang='lat' dir='ltr'><strong>blandae</strong></span> <span class='ocrx_word' id='word_1_221' title='bbox 597 2910 690 2969; x_wconf 86' lang='lat' dir='ltr'><strong>crant</strong></span> <span class='ocrx_word' id='word_1_222' title='bbox 717 2910 751 2968; x_wconf 92' lang='lat' dir='ltr'><strong>et</strong></span> <span class='ocrx_word' id='word_1_223' title='bbox 770 2913 880 2986; x_wconf 77' lang='lat' dir='ltr'><strong>mites,</strong></span> <span class='ocrx_word' id='word_1_224' title='bbox 909 2901 986 2970; x_wconf 85' lang='lat' dir='ltr'><strong>rdeo</strong></span> <span class='ocrx_word' id='word_1_225' title='bbox 1002 2902 1138 2969; x_wconf 75' lang='lat' dir='ltr'><strong>Gratiae</strong></span> <span class='ocrx_word' id='word_1_226' title='bbox 1163 2922 1258 2969; x_wconf 83' lang='lat' dir='ltr'><strong>roca-</strong></span> 
     </span>
    </p>
   </div>
   <div class='ocr_carea' id='block_1_7' title="bbox 75 3110 1194 3247">
    <p class='ocr_par' dir='ltr' id='par_1_7' title="bbox 75 3110 1194 3247">
     <span class='ocr_line' id='line_1_30' title="bbox 75 3110 1194 3247; baseline 0.001 -31"><span class='ocrx_word' id='word_1_227' title='bbox 75 3166 115 3217; x_wconf 81' lang='lat' dir='ltr'><strong>ao</strong></span> <span class='ocrx_word' id='word_1_228' title='bbox 293 3140 386 3220; x_wconf 90' lang='grc'><strong>155.</strong></span> <span class='ocrx_word' id='word_1_229' title='bbox 439 3145 708 3221; x_wconf 80' lang='lat' dir='ltr'><strong>Lemniades</strong></span> <span class='ocrx_word' id='word_1_230' title='bbox 740 3155 782 3218; x_wconf 90' lang='lat' dir='ltr'><strong>et</strong></span> <span class='ocrx_word' id='word_1_231' title='bbox 814 3144 1084 3247; x_wconf 66' lang='lat' dir='ltr'><strong>Hypsipyle.</strong></span> <span class='ocrx_word' id='word_1_232' title='bbox 1189 3110 1194 3119; x_wconf 26' lang='grc' dir='ltr'>Ι</span> 
     </span>
    </p>
   </div>
   <div class='ocr_carea' id='block_1_8' title="bbox 77 3240 1281 4053">
    <p class='ocr_par' dir='ltr' id='par_1_8' title="bbox 118 3240 1281 3621">
     <span class='ocr_line' id='line_1_31' title="bbox 204 3240 1281 3362; baseline -0.007 -20"><span class='ocrx_word' id='word_1_233' title='bbox 204 3270 398 3343; x_wconf 79' lang='lat' dir='ltr'><strong>Lemniades</strong></span> <span class='ocrx_word' id='word_1_234' title='bbox 431 3294 530 3362; x_wconf 86' lang='lat' dir='ltr'><strong>quum</strong></span> <span class='ocrx_word' id='word_1_235' title='bbox 561 3272 621 3341; x_wconf 88' lang='lat' dir='ltr'><strong>diis</strong></span> <span class='ocrx_word' id='word_1_236' title='bbox 655 3274 801 3341; x_wconf 89' lang='lat' dir='ltr'><strong>omnibus</strong></span> <span class='ocrx_word' id='word_1_237' title='bbox 836 3271 977 3342; x_wconf 90' lang='lat' dir='ltr'><strong>decimas</strong></span> <span class='ocrx_word' id='word_1_238' title='bbox 1009 3272 1140 3359; x_wconf 77' lang='lat' dir='ltr'><strong>frugum</strong></span> <span class='ocrx_word' id='word_1_239' title='bbox 1169 3240 1281 3345; x_wconf 73' lang='lat' dir='ltr'><strong>alanisl</strong></span> 
     </span>
     <span class='ocr_line' id='line_1_32' title="bbox 118 3356 1274 3450; baseline -0.012 -19"><span class='ocrx_word' id='word_1_240' title='bbox 118 3362 252 3450; x_wconf 79' lang='lat' dir='ltr'><strong>singulis</strong></span> <span class='ocrx_word' id='word_1_241' title='bbox 286 3362 464 3437; x_wconf 89' lang='lat' dir='ltr'><strong>solverent,</strong></span> <span class='ocrx_word' id='word_1_242' title='bbox 503 3357 603 3426; x_wconf 92' lang='lat' dir='ltr'><strong>solam</strong></span> <span class='ocrx_word' id='word_1_243' title='bbox 640 3361 800 3429; x_wconf 83' lang='lat' dir='ltr'><strong>Venerem</strong></span> <span class='ocrx_word' id='word_1_244' title='bbox 839 3356 1154 3443; x_wconf 89' lang='lat' dir='ltr'><strong>praetermittendam</strong></span> <span class='ocrx_word' id='word_1_245' title='bbox 1171 3376 1274 3423; x_wconf 73' lang='lat' dir='ltr'><strong>essa.</strong></span> 
     </span>
     <span class='ocr_line' id='line_1_33' title="bbox 119 3442 1259 3523; baseline -0.007 -9"><span class='ocrx_word' id='word_1_246' title='bbox 119 3448 277 3514; x_wconf 81' lang='lat' dir='ltr'><strong>dixerunt.</strong></span> <span class='ocrx_word' id='word_1_247' title='bbox 326 3447 420 3523; x_wconf 83' lang='lat' dir='ltr'><strong>Quae</strong></span> <span class='ocrx_word' id='word_1_248' title='bbox 446 3444 526 3512; x_wconf 88' lang='lat' dir='ltr'><strong>irata</strong></span> <span class='ocrx_word' id='word_1_249' title='bbox 555 3446 605 3513; x_wconf 81' lang='lat' dir='ltr'><strong>his</strong></span> <span class='ocrx_word' id='word_1_250' title='bbox 635 3443 769 3513; x_wconf 87' lang='lat' dir='ltr'><strong>odorem</strong></span> <span class='ocrx_word' id='word_1_251' title='bbox 797 3446 924 3513; x_wconf 84' lang='lat' dir='ltr'><strong>immisit</strong></span> <span class='ocrx_word' id='word_1_252' title='bbox 951 3444 1125 3511; x_wconf 71' lang='lat' dir='ltr'><strong>hircinumr</strong></span> <span class='ocrx_word' id='word_1_253' title='bbox 1164 3442 1259 3521; x_wconf 59' lang='lat' dir='ltr'><strong>‚Quas</strong></span> 
     </span>
     <span class='ocr_line' id='line_1_34' title="bbox 119 3526 1260 3621; baseline -0.007 -20"><span class='ocrx_word' id='word_1_254' title='bbox 119 3535 225 3601; x_wconf 82' lang='lat' dir='ltr'><strong>ruariti</strong></span> <span class='ocrx_word' id='word_1_255' title='bbox 246 3542 468 3611; x_wconf 84' lang='lat' dir='ltr'><strong>exsecrantes,</strong></span> <span class='ocrx_word' id='word_1_256' title='bbox 498 3529 627 3599; x_wconf 90' lang='lat' dir='ltr'><strong>deserta</strong></span> <span class='ocrx_word' id='word_1_257' title='bbox 648 3532 773 3609; x_wconf 85' lang='lat' dir='ltr'><strong>Lemno</strong></span> <span class='ocrx_word' id='word_1_258' title='bbox 794 3531 868 3597; x_wconf 93' lang='lat' dir='ltr'><strong>odio</strong></span> <span class='ocrx_word' id='word_1_259' title='bbox 890 3531 1083 3621; x_wconf 81' lang='lat' dir='ltr'><strong>conjugum,</strong></span> <span class='ocrx_word' id='word_1_260' title='bbox 1110 3526 1260 3594; x_wconf 76' lang='lat' dir='ltr'><strong>Thracas</strong></span> 
     </span>
    </p>

    <p class='ocr_par' dir='ltr' id='par_1_9' title="bbox 77 3608 1279 4053">
     <span class='ocr_line' id='line_1_35' title="bbox 77 3608 1274 3711; baseline -0.003 -26"><span class='ocrx_word' id='word_1_261' title='bbox 77 3634 115 3686; x_wconf 75' lang='lat' dir='ltr'><strong>st</strong></span> <span class='ocrx_word' id='word_1_262' title='bbox 121 3621 316 3711; x_wconf 89' lang='lat' dir='ltr'><strong>petiverunt,</strong></span> <span class='ocrx_word' id='word_1_263' title='bbox 356 3638 531 3704; x_wconf 89' lang='lat' dir='ltr'><strong>eorumque</strong></span> <span class='ocrx_word' id='word_1_264' title='bbox 562 3617 643 3686; x_wconf 88' lang='lat' dir='ltr'><strong>filias</strong></span> <span class='ocrx_word' id='word_1_265' title='bbox 676 3620 736 3686; x_wconf 87' lang='lat' dir='ltr'><strong>sibi</strong></span> <span class='ocrx_word' id='word_1_266' title='bbox 767 3619 909 3685; x_wconf 85' lang='lat' dir='ltr'><strong>ascivere</strong></span> <span class='ocrx_word' id='word_1_267' title='bbox 944 3616 1104 3706; x_wconf 82' lang='lat' dir='ltr'><strong>conjugio.</strong></span> <span class='ocrx_word' id='word_1_268' title='bbox 1162 3608 1274 3693; x_wconf 77' lang='lat' dir='ltr'><strong>Quod,</strong></span> 
     </span>
     <span class='ocr_line' id='line_1_36' title="bbox 120 3698 1279 3792; baseline -0.01 -17"><span class='ocrx_word' id='word_1_269' title='bbox 120 3706 177 3775; x_wconf 89' lang='lat' dir='ltr'><strong>ubi</strong></span> <span class='ocrx_word' id='word_1_270' title='bbox 196 3702 424 3770; x_wconf 86' lang='lat' dir='ltr'><strong>Lemniadibus</strong></span> <span class='ocrx_word' id='word_1_271' title='bbox 447 3716 646 3792; x_wconf 87' lang='lat' dir='ltr'><strong>compertum</strong></span> <span class='ocrx_word' id='word_1_272' title='bbox 668 3715 733 3785; x_wconf 89' lang='lat' dir='ltr'><strong>est,</strong></span> <span class='ocrx_word' id='word_1_273' title='bbox 754 3703 935 3772; x_wconf 90' lang='lat' dir='ltr'><strong>stimulante</strong></span> <span class='ocrx_word' id='word_1_274' title='bbox 950 3704 1094 3780; x_wconf 89' lang='lat' dir='ltr'><strong>Venere,</strong></span> <span class='ocrx_word' id='word_1_275' title='bbox 1115 3698 1150 3765; x_wconf 87' lang='lat' dir='ltr'><strong>in&#39;</strong></span> <span class='ocrx_word' id='word_1_276' title='bbox 1167 3719 1279 3767; x_wconf 87' lang='lat' dir='ltr'><strong>omne·</strong></span> 
     </span>
     <span class='ocr_line' id='line_1_37' title="bbox 121 3789 1261 3879; baseline -0.005 -22"><span class='ocrx_word' id='word_1_277' title='bbox 121 3814 226 3879; x_wconf 74' lang='lat' dir='ltr'><strong>genus</strong></span> <span class='ocrx_word' id='word_1_278' title='bbox 248 3789 334 3856; x_wconf 89' lang='lat' dir='ltr'><strong>virile</strong></span> <span class='ocrx_word' id='word_1_279' title='bbox 355 3790 538 3879; x_wconf 88' lang='lat' dir='ltr'><strong>conjurant,</strong></span> <span class='ocrx_word' id='word_1_280' title='bbox 564 3804 742 3859; x_wconf 87' lang='lat' dir='ltr'><strong>remeantes</strong></span> <span class='ocrx_word' id='word_1_281' title='bbox 767 3814 807 3856; x_wconf 89' lang='lat' dir='ltr'><strong>ue</strong></span> <span class='ocrx_word' id='word_1_282' title='bbox 828 3814 867 3857; x_wconf 87' lang='lat' dir='ltr'><strong>ex</strong></span> <span class='ocrx_word' id='word_1_283' title='bbox 884 3789 1025 3856; x_wconf 76' lang='lat' dir='ltr'><strong>&#39;l&#39;lrraeia</strong></span> <span class='ocrx_word' id='word_1_284' title='bbox 1046 3789 1130 3853; x_wconf 80' lang='lat' dir='ltr'><strong>viros</strong></span> <span class='ocrx_word' id='word_1_285' title='bbox 1152 3799 1261 3852; x_wconf 83' lang='lat' dir='ltr'><strong>omnen</strong></span> 
     </span>
     <span class='ocr_line' id='line_1_38' title="bbox 120 3814 1262 3968; baseline -0.008 -23"><span class='ocrx_word' id='word_1_286' title='bbox 120 3880 357 3945; x_wconf 81' lang='lat' dir='ltr'><strong>interemerunt.</strong></span> <span class='ocrx_word' id='word_1_287' title='bbox 399 3877 488 3943; x_wconf 90' lang='lat' dir='ltr'><strong>luter</strong></span> <span class='ocrx_word' id='word_1_288' title='bbox 532 3900 589 3945; x_wconf 87' lang='lat' dir='ltr'><strong>uas</strong></span> <span class='ocrx_word' id='word_1_289' title='bbox 610 3814 898 3968; x_wconf 57' lang='lat' dir='ltr'><strong>Hypsipilepatn&#39;</strong></span> <span class='ocrx_word' id='word_1_290' title='bbox 921 3875 1064 3941; x_wconf 76' lang='lat' dir='ltr'><strong>&#39;l&#39;hoanti</strong></span> <span class='ocrx_word' id='word_1_291' title='bbox 1091 3871 1160 3939; x_wconf 88' lang='lat' dir='ltr'><strong>solu</strong></span> <span class='ocrx_word' id='word_1_292' title='bbox 1187 3864 1262 3938; x_wconf 77' lang='lat' dir='ltr'><strong>suls·</strong></span> 
     </span>
     <span class='ocr_line' id='line_1_39' title="bbox 122 3900 1263 4053; baseline -0.005 -24"><span class='ocrx_word' id='word_1_293' title='bbox 122 3965 228 4039; x_wconf 86' lang='lat' dir='ltr'><strong>venit,</strong></span> <span class='ocrx_word' id='word_1_294' title='bbox 267 3974 304 4029; x_wconf 89' lang='lat' dir='ltr'><strong>ut</strong></span> <span class='ocrx_word' id='word_1_295' title='bbox 332 3964 362 4029; x_wconf 88' lang='lat' dir='ltr'><strong>ei</strong></span> <span class='ocrx_word' id='word_1_296' title='bbox 390 3986 455 4030; x_wconf 93' lang='lat' dir='ltr'><strong>non</strong></span> <span class='ocrx_word' id='word_1_297' title='bbox 484 3900 585 4031; x_wconf 84' lang='lat' dir='ltr'><strong>sdlum</strong></span> <span class='ocrx_word' id='word_1_298' title='bbox 616 3976 781 4053; x_wconf 86' lang='lat' dir='ltr'><strong>parceret,</strong></span> <span class='ocrx_word' id='word_1_299' title='bbox 818 3984 928 4029; x_wconf 82' lang='lat' dir='ltr'><strong>verum</strong></span> <span class='ocrx_word' id='word_1_300' title='bbox 957 3962 1052 4029; x_wconf 88' lang='lat' dir='ltr'><strong>etiam</strong></span> <span class='ocrx_word' id='word_1_301' title='bbox 1085 3958 1263 4047; x_wconf 82' lang='lat' dir='ltr'><strong>lugientem</strong></span> 
     </span>
    </p>
   </div>
   <div class='ocr_carea' id='block_1_9' title="bbox 80 4044 1263 4199">
    <p class='ocr_par' dir='ltr' id='par_1_10' title="bbox 80 4044 1263 4199">
     <span class='ocr_line' id='line_1_40' title="bbox 80 4044 1263 4199; baseline -0.011 -78"><span class='ocrx_word' id='word_1_302' title='bbox 80 4059 372 4199; x_wconf 62' lang='lat' dir='ltr'><strong>tupmsepueretur</strong></span> <span class='ocrx_word' id='word_1_303' title='bbox 393 4050 435 4117; x_wconf 90' lang='lat' dir='ltr'><strong>ad</strong></span> <span class='ocrx_word' id='word_1_304' title='bbox 458 4047 541 4117; x_wconf 88' lang='lat' dir='ltr'><strong>litus.</strong></span> <span class='ocrx_word' id='word_1_305' title='bbox 584 4050 681 4117; x_wconf 74' lang='lat' dir='ltr'><strong>&#39;I&#39;unc</strong></span> <span class='ocrx_word' id='word_1_306' title='bbox 700 4047 842 4117; x_wconf 74' lang='lat' dir='ltr'><strong>Thoanti</strong></span> <span class='ocrx_word' id='word_1_307' title='bbox 862 4046 964 4114; x_wconf 87' lang='lat' dir='ltr'><strong>Liber</strong></span> <span class='ocrx_word' id='word_1_308' title='bbox 989 4044 1146 4125; x_wconf 87' lang='lat' dir='ltr'><strong>occurrit,</strong></span> <span class='ocrx_word' id='word_1_309' title='bbox 1174 4051 1263 4110; x_wconf 81' lang='lat' dir='ltr'><strong>euin-</strong></span> 
     </span>
    </p>
   </div>
   <div class='ocr_carea' id='block_1_10' title="bbox 105 4130 1278 4325">
    <p class='ocr_par' dir='ltr' id='par_1_11' title="bbox 105 4130 1278 4325">
     <span class='ocr_line' id='line_1_41' title="bbox 123 4130 1278 4226; baseline -0.003 -27"><span class='ocrx_word' id='word_1_310' title='bbox 123 4158 218 4221; x_wconf 82' lang='lat' dir='ltr'><strong>quea</strong></span> <span class='ocrx_word' id='word_1_311' title='bbox 257 4135 389 4203; x_wconf 85' lang='lat' dir='ltr'><strong>insulam</strong></span> <span class='ocrx_word' id='word_1_312' title='bbox 406 4138 510 4204; x_wconf 84' lang='lat' dir='ltr'><strong>Chion</strong></span> <span class='ocrx_word' id='word_1_313' title='bbox 527 4158 681 4226; x_wconf 87' lang='lat' dir='ltr'><strong>prospera</strong></span> <span class='ocrx_word' id='word_1_314' title='bbox 698 4135 900 4217; x_wconf 69' lang='lat' dir='ltr'><strong>navigatione</strong></span> <span class='ocrx_word' id='word_1_315' title='bbox 917 4130 1074 4221; x_wconf 83' lang='lat' dir='ltr'><strong>perduxit</strong></span> <span class='ocrx_word' id='word_1_316' title='bbox 1117 4131 1278 4197; x_wconf 81' lang='lat' dir='ltr'><strong>Lemnon·</strong></span> 
     </span>
     <span class='ocr_line' id='line_1_42' title="bbox 105 4215 1268 4325; baseline 0.001 -42"><span class='ocrx_word' id='word_1_317' title='bbox 105 4224 326 4304; x_wconf 61' lang='lat' dir='ltr'><strong>Argonautae</strong></span> <span class='ocrx_word' id='word_1_318' title='bbox 355 4235 524 4306; x_wconf 78' lang='lat' dir='ltr'><strong>uenerunt,</strong></span> <span class='ocrx_word' id='word_1_319' title='bbox 556 4244 637 4313; x_wconf 88' lang='lat' dir='ltr'><strong>quus</strong></span> <span class='ocrx_word' id='word_1_320' title='bbox 662 4220 853 4315; x_wconf 60' lang='lat' dir='ltr'><strong>laemniudcs</strong></span> <span class='ocrx_word' id='word_1_321' title='bbox 883 4219 1019 4308; x_wconf 84' lang='lat' dir='ltr'><strong>lrospitio</strong></span> <span class='ocrx_word' id='word_1_322' title='bbox 1046 4215 1268 4325; x_wconf 72' lang='lat' dir='ltr'><strong>suscipientes,</strong></span> 
     </span>
    </p>
   </div>
   <div class='ocr_carea' id='block_1_11' title="bbox 0 0 1376 4606">
    <p class='ocr_par' dir='ltr' id='par_1_12' title="bbox 0 0 1376 4606">
     <span class='ocr_line' id='line_1_43' title="bbox 0 0 1376 4606; baseline 0 0"><span class='ocrx_word' id='word_1_323' title='bbox 0 0 1376 4606; x_wconf 95' lang='lat' dir='ltr'><strong> </strong></span> 
     </span>
    </p>
   </div>
   <div class='ocr_carea' id='block_1_12' title="bbox 123 4494 249 4570">
    <p class='ocr_par' dir='ltr' id='par_1_13' title="bbox 123 4494 249 4570">
     <span class='ocr_line' id='line_1_44' title="bbox 123 4494 249 4570; baseline 0 -30"><span class='ocrx_word' id='word_1_324' title='bbox 123 4494 249 4570; x_wconf 51' lang='lat' dir='ltr'><strong>f·-</strong></span> 
     </span>
    </p>
   </div>
  </div>
 </body>
</html>
