2684 4606
27 22 680 53 —n-——m—-fflm-
732 32 979 49 -νι-ι--ι-ι
997 38 1092 49 —-...
1201 32 1228 49 .-·.
1236 43 1270 50 ....

123 244 203 319 aaa
480 238 659 340 nynagr.
689 239 760 312 111.
815 236 855 311 a.
908 235 1053 311 e--n

206 424 236 491 3.
279 422 374 489 Haee
402 417 500 487 etiam
528 418 684 508 conjugiis
713 432 747 489 et
775 419 932 523 partubus
977 438 1105 486 raeeaae
1124 414 1260 499 dieitur;

126 507 212 579 unde
243 518 276 575 et
307 502 434 573 uomina
461 504 493 571 ei
521 505 682 655 eomplura
713 508 898 574 attribuunt.
973 504 1066 573 icitur
1086 502 1171 571 euim
1191 506 1261 573 Lu-

127 589 1015 767 biterbii:tittttbtttt‘bittit-,biit
1028 598 1263 744 didimi?

106 768 214 832 buitur
242 763 381 831 Fiuonia
415 784 435 826 a
462 758 638 909 (latoribus
666 763 839 841 seminum,
879 759 967 847 quod
995 759 1128 827 feminas
1151 760 1264 830 liberet

130 854 162 919 in
191 860 305 938 partu;
333 846 464 913 Februa
476 845 501 909 is
529 843 577 911 vel
601 845 751 926 Februa,
783 845 871 934 quod
893 867 948 913 eas
969 855 1041 933 pust
1061 858 1190 933 parturn
1214 871 1264 916 se-

132 935 244 1004 cundis
278 957 296 999 e
323 930 518 997 radientibus
542 941 694 1017 purget3
715 928 843 1019 februo
870 931 952 997 enim
975 932 1119 1013 Graece,
1150 931 1267 1000 Latine

131 1041 256 1122 purgo.
298 955 385 1084 iiiuc
406 1028 440 1083 et
462 1014 610 1081 Februus
632 1013 749 1084 dieitur
765 1014 879 1093 Pluto,
900 1016 976 1104 quia
996 1027 1123 1104 praeeat
1143 1040 1264 1106 purga-

135 1107 273 1174 tiombns
301 1104 485 1170 animarum.
530 1099 624 1167 Unde
645 1112 679 1173 et
697 1100 831 1180 mensis,
863 1101 895 1166 in
923 1124 988 1189 quo
1014 1101 1193 1171 animarum
1214 1127 1268 1171 ex·

94 1213 130 1260 ru
158 1190 291 1258 iationea
313 1185 399 1291 apud
422 1185 568 1334 antipapa
591 1184 845 1283 eelebrabantur,
867 1185 1066 1253 Februarius
1088 1199 1139 1257 eet
1160 1191 1270 1279 appel-

130 1216 230 1343 iiras.
272 1274 399 1341 Dienur
427 1280 460 1337 et
509 1292 573 1337 uno
595 1272 797 1353 tntroduea,
837 1270 925 1359 qnod
962 1273 1118 1341 nubentes
1146 1276 1270 1362 puellas

138 1359 349 1427 introducat.
410 1354 536 1424 Dicitur
567 1355 777 1435 donrodnca,
813 1355 900 1444 quod
928 1356 981 1436 ad=
997 1357 1113 1423 domos
1140 1363 1271 1430 marito·

53 1466 75 1507 a
137 1468 210 1513 runa
247 1467 301 1511 eas
335 1440 503 1511 adducat·
565 1438 685 1507 Unxin
728 1442 823 1509 etiarn
861 1441 980 1510 dieitur
1022 1443 1064 1509 ab
1099 1448 1272 1533 ungendo,

163 1527 227 1597 nod
254 1528 346 1596 variis
367 1551 411 1594 un
439 1523 542 1591 uentis
563 1528 768 1613 ungebantur
789 1527 962 1605 nubentes,
984 1528 1033 1594 vei
1053 1526 1143 1615 qnod
1162 1545 1272 1618 postea
1317 1550 1320 1559 ’

100 1556 310 1683 undenorum
338 1634 427 1699 unge
451 1622 505 1677 ant
532 1610 768 1698 ingrediente„
795 1611 885 1680 unde
912 1636 1030 1681 uxorea
1050 1614 1141 1701 quasi
1162 1640 1275 1683 unxo-

143 1725 197 1767 rea
217 1699 320 1767 dietas
342 1699 458 1766 volunt.
502 1692 640 1762 Graecia
661 1720 725 1786 quo
751 1720 792 1766 ue
812 1720 833 1763 a
853 1699 1024 1787 cingendo
1040 1720 1100 1786 per
1113 1702 1274 1790 antiphra-

144 1788 192 1853 ein
213 1784 406 1876 appellatur,
436 1775 524 1868 quod
544 1779 613 1869 ipsa
636 1720 800 1885 pinguium
817 1783 971 1853 caefitatb
991 1783 1139 1853 resoluat.
1184 1788 1278 1853 Soti-

146 1894 230 1937 eena
257 1891 388 1959 quoque
414 1863 548 1962 dicitur,
580 1866 668 1954 quod
691 1890 759 1955 ipsa
778 1890 901 1935 marem
920 1879 954 1935 et
977 1868 1125 1937 seminam
1143 1874 1277 1953 sociata

147 1955 195 2021 rel
228 1954 392 2019 Satieena
424 1973 444 2017 a
475 1957 620 2016 retrone.
676 1952 776 2019 June·
796 1953 881 2021 enim
914 1952 1061 2023 mulieres
1095 1955 1129 2021 in
1167 1956 1277 2025 labare

105 2038 431 2192 anpjoepndpdiplitur
458 2034 611 2117 liberare,
626 2036 726 2125 ,quod
753 2048 787 2107 et
810 2060 922 2107 earum
952 2038 1067 2108 bellum
1091 2042 1278 2131 appellabar.

186 2148 249 2190 ne
300 2146 327 2189 rr
352 2141 436 2187 raus:
692 2184 695 2189 ,
1053 2172 1061 2179 .

238 2209 289 2275 At
311 2145 378 2271 nin
399 2207 436 2270 in
462 2198 632 2269 Venerem
653 2226 777 2291 regnae
795 2218 1033 2298 nocturnaque
1047 2204 1151 2279 bella.

152 2295 245 2364 Idem
265 2305 297 2360 et
318 2291 388 2359 aiibi
409 2288 452 2356 de
471 2309 555 2375 equo
570 2288 713 2359 aeniuret

262 2406 543 2428 ...-..-·—-
585 2374 617 2438 ai
644 2372 782 2463 quarzdo
813 2371 862 2437 ad
889 2372 1026 2462 proelia
1055 2387 1201 2445 ventum
1222 2390 1283 2465 ert,

111 2479 147 2527 ab
215 2463 397 2529 Incassum
412 2453 521 2541 furit.

154 2548 274 2614 Dicunt
296 2555 328 2611 et
351 2543 510 2608 Junouem
531 2540 891 2631 Populoniumnuod
916 2544 1062 2631 populor
1081 2545 1285 2637 multiplicet;

157 2631 309 2701 Curetim
329 2628 443 2707 etiam,
463 2623 497 2691 id
520 2636 569 2695 eet
589 2627 761 2715 regalem,
782 2626 830 2693 rei
843 2626 997 2712 sortem,
1028 2628 1076 2697 vel
1100 2644 1285 2733 potentem,

158 2717 204 2784 vel
221 2715 314 2807 juxta
339 2713 502 2791 Servium,
535 2734 555 2778 a
581 2734 706 2793 curru,
738 2710 828 2815 quod
852 2713 1003 2783 bellantes
1024 2718 1174 2787 numbue
1194 2730 1286 2789 utnu-

158 2815 228 2881 tur,
257 2800 373 2888 quibus
395 2809 428 2865 et
450 2796 502 2864 iila
522 2818 674 2887 praeesse
694 2796 819 2865 dicutur.

116 2914 153 2962 30
241 2886 272 2951 4.
315 2885 402 2955 Sane
430 2882 506 2970 quia
534 2881 576 2949 de
604 2883 795 2951 nubentibus
824 2882 951 2970 agitur,
979 2882 1074 2953 limen
1109 2910 1167 2957 eas
1187 2892 1289 2959 Varro

157 2972 232 3039 ideo
253 2970 299 3037 ait
319 2968 425 3043 solitae
446 2990 511 3033 non
531 2979 683 3054 tangere,
718 2991 758 3035 ne
787 2991 808 3034 a
834 2968 1003 3058 sacrilegio
1026 2972 1233 3059 inchoarent,
1265 2980 1291 3046 ui

160 3057 364 3144 depositurae
378 3054 599 3141 virginitatem,
620 3075 689 3121 rem
704 3055 832 3135 Vestae,
852 3052 887 3119 id
907 3067 958 3124 eet
977 3059 1096 3125 numini
1118 3063 1292 3133 merissima

160 3152 408 3220 consecratam,
426 3139 595 3207 calcarent
637 3137 734 3209 Unde
753 3149 819 3209 est:

250 3226 508 3312 Translataque
528 3233 626 3291 vetat
645 3224 753 3289 limen
776 3221 979 3311 contingere
995 3226 1138 3313 planta.

121 3332 156 3381 ab
163 3312 298 3399 Singula
319 3310 404 3378 enim
425 3308 537 3383 domus
558 3307 616 3377 diia
639 3321 765 3377 saerata
784 3320 874 3383 suut,
901 3320 939 3381 ut
957 3310 1077 3382 vestae
1097 3313 1210 3395 limen,
1240 3314 1313 3387 eu·¹

162 3399 225 3465 lina
249 3398 436 3486 penatibus,
465 3394 639 3477 maceries,
663 3416 748 3484 quae
768 3396 868 3463 ambit
888 3392 1037 3480 domum,
1063 3400 1196 3471 Hereeo
1216 3404 1297 3473 Jovi.

163 3484 285 3553 Dicunt
314 3494 422 3551 autern
448 3482 486 3549 iia
508 3481 596 3547 facee
618 3480 801 3569 praelatae,
817 3479 904 3570 quod
927 3494 1020 3551 antea
1041 3488 1199 3557 nubentes
1218 3514 1297 3558 nou·

165 3571 223 3637 uisi
252 3591 312 3673 per
341 3578 468 3635 noctem
498 3563 698 3635 ducebantur
727 3591 747 3635 a
774 3567 907 3653 sponsis.
969 3568 1117 3657 Nucum,
1153 3576 1297 3664 quaein

166 3657 281 3743 nuptias
317 3654 568 3743 spargebantur,
609 3653 692 3719 banc
727 3653 893 3740 assignant
922 3654 1096 3739 rationem,
1140 3673 1180 3730 ut
1211 3662 1298 3731 Jovi.

125 3743 272 3823 400mine
284 3739 519 3816 matrimonium
529 3735 720 3816 celebretur,
740 3750 778 3805 ut
793 3762 834 3805 nu
860 3750 891 3805 ta
900 3751 1044 3808 matrona
1055 3743 1097 3811 ait
1108 3744 1194 3817 sieut
1202 3749 1302 3817 Juun..

167 3826 253 3893 Nam
280 3849 379 3894 nucea
407 3826 439 3891 in
472 3822 571 3890 tutela
597 3834 672 3891 eunt
696 3822 795 3890 Jovis.
837 3764 933 3891 iJnde
965 3839 996 3895 et
1011 3828 1187 3916 juglandes
1231 3832 1299 3903 aad

169 3910 265 3976 Jovia
289 3909 440 3997 glandes
471 3907 591 3975 dietae¹
606 3919 689 3977 aunt.
746 3908 829 3975 Nam
855 3910 931 3978 illud
960 3911 1093 4001 vulgare
1121 3930 1187 3999 eet,
1227 3921 1299 3987 rdoo

170 3995 280 4082 spargi
292 4018 400 4074 nuces,
419 4005 456 4063 ut
472 3995 668 4083 rapientibus
680 4016 736 4063 eae
756 3995 863 4083 pueris
876 3998 933 4065 fiat
944 4000 1103 4089 strepitus,
1122 4025 1164 4071 ue
1179 4006 1300 4094 puellae

171 4102 232 4145 vex
266 4080 475 4183 virginitatem
509 4078 697 4169 deponentia
725 4080 836 4182 possit
867 4082 980 4151 audiri.
1033 4087 1102 4154 Sed
1141 4104 1175 4159 et
1206 4091 1301 4161 laneis

129 4165 271 4245 anvittia,
303 4167 393 4233 arenul
425 4166 468 4234 ad
501 4165 595 4233 limen
632 4163 737 4233 marin
764 4166 939 4251 venissent,
961 4181 1100 4324 postea,
1132 4184 1304 4269 antequam

997 4280 1015 4323 a

172 4250 435 4338 ingrederentur,
456 4251 621 4323 ornabant.
650 4250 746 4343 Unde
764 4252 932 4341 Virgilius.
1015 4256 1162 4329 llerz'bna
1182 4264 1306 4333 triveris.
