2684 4606
224 99 228 103 ’
348 92 534 262 uyuogr.
567 155 640 274 111.
695 154 758 245 u.
797 147 960 267 ‘tt-s.
1138 101 1232 285 'aaa

83 342 243 408 ruborem
280 341 399 431 ingerit
435 365 456 409 e
488 341 621 433 pudoris
650 340 846 435 opprobrio,
892 349 1071 437 pangitque
1108 325 1233 450 peccati
1273 431 1276 440 Ι
1326 324 1330 336 ’

84 427 214 495 aculeo.
269 429 362 496 Sicut
390 428 472 495 enim
494 448 570 499 rosa
603 428 744 500 delectat
764 432 910 521 quidem,
945 434 1003 503 sed
1026 433 1122 500 celeri
1143 445 1232 502 motu
1305 516 1306 521 γ

84 512 243 602 temporis
287 513 422 594 tollitur3
457 515 502 582 ita
536 527 570 584 et
606 515 715 584 libido.
777 517 956 586 Columbae
986 522 1017 587 ei
1039 532 1232 586 consecran-

84 612 161 678 tur,
193 595 281 687 quod
301 600 372 666 illae
391 622 465 666 aves
487 600 543 688 (ut
567 602 598 688 fr
638 625 716 670 uens
738 603 840 672 innuit
870 605 1016 694 foetura)
1039 606 1174 672 maxime
1194 606 1227 671 iu

86 684 177 751 coitu
199 682 340 751 fervidae
368 684 552 754 creduntur.
638 682 754 775 iugulit
784 713 856 756 eam
884 690 915 756 in
946 693 1024 759 mari
1056 701 1266 769 natantem&-

85 770 166 856 quia
195 769 292 836 libido
320 774 416 838 rebus
453 772 623 859 naufragia
653 774 772 844 inferre
805 788 878 843 nou
902 775 1074 847 dubitetur.
1132 774 1231 845 Unde

85 856 201 943 Porph
226 856 289 922 rius
311 855 344 922 in
365 856 609 945 epigrammate:
1105 913 1118 926 ,

174 880 324 1021 alnum,
344 965 469 1031 egeus,
503 943 545 1012 V
540 943 654 1008 enerie
675 942 880 1033 naufragae
901 945 939 1010 iu
958 945 1095 1032 pelago.
1175 944 1182 959 ‘

86 1025 227 1094 Concha
243 1026 351 1094 'etiam
390 1028 511 1094 marina
550 1030 670 1118 portari
704 1031 865 1118 pingitur,
904 1030 979 1118 quie
1016 1011 1080 1096 hoc
1116 1024 1230 1128 animal
1301 1050 1309 1055 ’¹

87 1123 204 1199 aperto
236 1111 327 1179 simul
363 1124 431 1181 toto
462 1136 597 1203 corpore
624 1115 657 1182 in
691 1117 778 1183 coitu
806 1115 987 1183 misceatur.
1035 1113 1168 1203 ,Myrtus
1198 1133 1272 1187 etro

87 1199 278 1287 deputatur,
311 1195 359 1264 v'el
380 1196 467 1286 quod
488 1199 569 1268 haec
590 1203 686 1269 arbos
715 1202 857 1269 litoribus
885 1200 1029 1289 gaudet,
1066 1213 1099 1266 et
1119 1199 1228 1287 Venus

87 1284 132 1349 de
154 1282 234 1349 mari
255 1282 371 1352 dicitur
394 1299 580 1372 procreata,
597 1286 663 1375 xvel
690 1287 777 1375 quod
806 1287 890 1354 salso
920 1288 1000 1353 mari
1031 1284 1132 1351 vicina
1160 1295 1230 1373 est;

87 1380 123 1436 et
144 1369 245 1436 salsus
268 1380 336 1450 est,
365 1382 403 1437 ut
424 1369 574 1450 diximus,
608 1368 708 1438 sudor
736 1395 830 1459 quem
852 1394 980 1461 semper
1005 1370 1087 1437 elicit
1110 1369 1230 1449 coitus;
1334 1430 1338 1437 .

86 1453 138 1519 vel
159 1453 265 1541 quod,
299 1467 337 1522 ut
356 1455 553 1524 medicorum
573 1457 714 1525 indicant
734 1458 821 1538 lihri,
859 1456 941 1524 haec
970 1457 1066 1522 arhor
1087 1455 1229 1543 piurimis

86 1539 257 1606 mulierum
288 1543 531 1615 necessitatibus
563 1553 638 1630 apta
659 1553 718 1611 est.
768 1543 925 1617 Verh'enjs
947 1543 1108 1630 placatur,
1138 1539 1273 1627 quodtt

76 1626 171 1691 >haec
201 1625 303 1693 herba
335 1650 444 1694 semen
480 1650 544 1696 uon
578 1629 700 1697 emittit.
755 1627 850 1695 Unde
885 1637 950 1695 est:
1006 1626 1087 1693 Arc
1122 1626 1231 1690 castis

85 1711 210 1775 vincta
237 1709 408 1777 uerbenis.
464 1714 493 1780 Δ
524 1715 650 1802 Cypro*
667 1711 785 1793 insula,
819 1724 996 1782 aromatum
1026 1710 1231 1785 feracissima,

88 1795 207 1885 Cypris
228 1794 364 1877 dicitur,
385 1820 469 1885 quae
489 1799 650 1864 mixtura
669 1801 903 1888 interpretatur.

172 1880 204 1946 2.
247 1881 332 1948 Tres
354 1882 383 1946 ei
405 1885 554 1963 Gratiae,
575 1907 659 1970 quae
679 1886 828 1954 Charites
848 1885 1014 1959 dicuntur,
1046 1881 1139 1946 unius
1161 1879 1230 1968 pul-

89 1962 298 2046 chritudiuis,
337 1967 491 2036 Pasithea
519 1967 681 2053 videlicet,
725 1970 839 2057 Aglaie
867 1982 901 2037 et
928 1969 1142 2058 Euphrosyne
1173 1965 1273 2039 mi-ao
1297 1994 1332 2030 ..·.

89 2051 209 2117 nistrae
248 2050 385 2131 dantur,
424 2077 507 2142 quae
524 2044 652 2122 dandae
684 2056 879 2144 pinguntur,
920 2055 996 2143 quia
1029 2054 1136 2139 gratie
1163 2052 1232 2118 sine

88 2137 189 2216 fuco,
219 2135 253 2202 id
275 2150 325 2205 est
345 2161 408 2205 nou
428 2138 573 2208 simulata
590 2146 628 2208 et
648 2144 742 2218 licta,
780 2140 839 2208 sed
859 2161 939 2229 pura
959 2152 992 2207 et
1013 2142 1139 2205 sincera
1159 2160 1232 2204 esse

88 2221 197 2297 dehet.
241 2223 416 2291 Conuenae
437 2238 533 2308 suut,
564 2227 639 2314 quia
660 2227 842 2294 insolubiles
860 2249 932 2294 esse
951 2225 1105 2293 amicitias
1127 2221 1231 2290 decet.
1327 2300 1332 2321 Ι

87 2306 189 2375 Unde
206 2308 380 2377 Horatius:
778 2333 780 2337 ’
925 2338 928 2343 ’

174 2392 372 2483 Segne-sque
390 2392 520 2461 nodum
538 2392 668 2462 solvere
690 2395 849 2464 Gratiae.
1238 2424 1276 2475 25

88 2475 297 2559 annumero
326 2500 438 2547 aversa
467 2502 549 2558 una,
589 2477 674 2547 duae
701 2504 778 2548 vero
809 2479 1015 2568 respicientes
1048 2475 1233 2564 pinguntur,

88 2560 173 2628 haec
192 2562 274 2629 ratio
296 2576 360 2641 est,
383 2563 470 2652 quod
490 2564 596 2654 gratia
617 2588 637 2632 a
658 2567 750 2634 nobis
769 2565 899 2655 simplex
922 2563 1086 2653 profecta,
1115 2561 1234 2650 duplex
1320 2558 1338 2584 ⁸

89 2648 172 2716 solet
191 2648 341 2729 reverti!
360 2649 494 2717 Venetis
516 2665 549 2718 et
568 2651 680 2720 Liberi
711 2652 860 2719 dicuutur
880 2651 981 2730 filiae,
1036 2649 1087 2713 uia
1107 2647 1235 2735 gratiae

88 2754 152 2823 per
171 2731 287 2801 horum
320 2734 390 2803 sere
418 2736 580 2804 numinum
614 2759 764 2819 munera,
798 2737 932 2805 Veneris
953 2671 1118 2812 vidilicet,
1143 2755 1234 2836 ‘quae

89 2817 237 2909 voluptas
258 2831 325 2901 est,
344 2833 379 2891 et
398 2821 527 2903 Liberi,
556 2821 737 2911 quirinum
758 2831 825 2905 est,
856 2820 1042 2910 saepissime
1061 2819 1277 2898 canullan-30

91 2916 154 2974 tur.
192 2906 443 2994 interpretatur
463 2918 592 2988 autem,
628 2911 712 2977 sicut
745 2909 905 2976 eomihi
928 2905 1092 2993 accepisse
1112 2904 1233 2985 videor,

91 2989 244 3076 Pasithea
275 2993 476 3072 attrahens,
512 2993 625 3081 Aglaie
655 2931 872 3075 demadem,
903 2992 1118 3095 Euphrosyne
1146 2989 1234 3056 reti-

91 3098 196 3157 nens;
216 3077 291 3164 quia
310 3078 344 3144 in
366 3079 575 3161 amicitiarum
595 3081 730 3170 obtentu
748 3079 887 3167 primum
901 3079 944 3146 sit
955 3088 1085 3165 ignotos
1098 3073 1235 3154 allicere,

91 3159 270 3230 secundum
307 3163 437 3231 allectos
458 3163 678 3233 blandimentis
714 3165 930 3255 permulcere,
970 3161 1115 3242 tertium,
1153 3182 1234 3246 quos
1329 3214 1332 3218 .

91 3247 311 3336 permulseris,
345 3250 499 3337 obsequio
533 3250 681 3319 retinere.
740 3251 880 3316 Venere·
899 3260 932 3316 et
968 3247 1101 3315 Baccho
1141 3258 1275 3321 natasse

91 3333 227 3422 lingitur
256 3334 482 3437 Hymenaeus,
514 3337 607 3425 quia,
643 3347 680 3404 ut
711 3335 755 3402 ait
774 3335 961 3421 Remigius,
997 3335 1039 3410 oh
1060 3331 1121 3400 viui
1142 3343 1234 3436 petu-

93 3418 220 3486 lantiam
249 3418 347 3487 libido
377 3421 508 3489 excitari
533 3422 624 3489 solet.
680 3421 806 3489 Dicitur
834 3432 941 3486 autem
978 3419 1107 3484 Graece
1138 3442 1235 3502 υμην
1290 3436 1293 3441 ⁴

61 3507 65 3512 ’
92 3509 295 3586 membrana,
329 3529 411 3594 quae
443 3520 494 3575 est
511 3508 639 3595 proprie
666 3506 827 3574 muliebris
849 3528 963 3584 sexus,
1001 3504 1033 3569 in
1056 3525 1118 3590 qua
1139 3522 1233 3588 pner-

89 3591 184 3678 peria
204 3591 273 3658 fieri
294 3589 452 3661 dicuutur.
494 3592 576 3660 Inde
597 3595 804 3681 Hymenaeus
826 3591 1007 3680 nuptiarum
1028 3587 1108 3656 deus
1130 3589 1235 3657 dictus

92 3691 153 3745 est·
175 3761 210 3828 3.
251 3761 438 3829 Lactantius
461 3770 567 3827 tamen
597 3760 639 3827 ab
660 3759 792 3828 historia
819 3771 957 3829 tractum
977 3755 1071 3835 dicit,
1105 3766 1141 3823 ut
1161 3692 1276 3846 Hy-4o

91 3870 246 3917 menaeus
266 3848 382 3950 nuptiis
402 3847 537 3934 praesit,
557 3845 646 3935 quod
668 3846 762 3915 etiam
785 3847 915 3914 Servius
936 3853 1114 3911 attestatur.
1156 3841 1234 3908 Fuit

91 3935 178 4002 euim
204 3933 354 4013 Athenis,
389 3931 506 4021 inquit,
546 3931 732 4001 adolescens
764 3943 874 4001 tautae
900 3926 1159 4035 pulchritudinis,
1198 3939 1235 4028 ut

92 4020 242 4089 feminam
261 4018 458 4086 mentiretur.
501 4018 600 4084 Hunc
624 4039 721 4106 quum
742 4041 806 4085 una
828 4041 866 4085 ex
888 4016 1008 4085 cuibus
1029 4035 1120 4100 virgo
1143 4014 1232 4112 nobr-

91 4105 129 4175 lis
157 4104 357 4184 adamasset,
402 4104 472 4192 ipse
509 4112 616 4170 tamen
641 4105 871 4177 ‚mediocribus
905 4112 995 4169 ortus
1039 4100 1275 4198 paceaugusta

91 4193 218 4282 nuptias
251 4189 455 4278 desperabat.
517 4189 628 4268 Quum
664 4203 772 4264 autem
803 4190 926 4265 Atticae
964 4184 1067 4256 semel
1095 4205 1243 4267 surgam
1334 4247 1339 4251 .
