2684 4606
157 170 241 247 208
483 174 665 307 myrhope
694 116 774 246 in
820 175 861 247 a.
886 153 891 162 ’
917 175 982 250 ra.

160 358 287 426 roribus
309 355 435 423 aestivis
449 355 602 444 oviparos
623 352 772 444 producit
792 355 907 436 foetus,
930 357 977 423 vel
998 358 1085 447 quod
1116 340 1295 428 secundun

160 445 237 512 alios
259 443 342 509 haec
365 443 429 507 aris
449 442 592 527 auguriis
615 441 776 529 aptissima
797 454 855 509 est
906 443 1002 511 Unde
1025 445 1170 526 Statius,
1202 445 1296 513 infeli·

160 532 289 597 citatem
320 526 447 615 augurii
482 528 652 608 intimans,
690 521 874 591 obscurum
911 529 1068 594 comitem
1109 533 1297 619 tripodum,

40 642 42 649 ’
160 615 193 682 id
236 625 285 680 est
324 635 469 691 corvum,
511 615 625 678 abesse
656 612 869 700 conqueritur.
926 614 1024 697 Quod
1066 616 1178 682 autem
1229 634 1297 683 euru

62 714 95 753 ι’
135 702 317 768 sPhoebus
342 699 435 789 juxta
456 698 605 763 Ovidium
627 697 658 762 in
684 697 827 764 secundo
857 699 1031 766 Fastorum
1048 701 1126 768 .hac
1157 702 1318 779 affecerit,

160 785 365 874 ignominia,
384 797 419 851 ut
440 783 591 871 quamdiu
621 785 701 849 licus
732 796 947 870 coquerentur
974 796 1007 853 et
1035 799 1320 873 maturescerent,

161 875 272 939 bibere
293 893 356 936 non
376 879 504 958 posset,
535 871 576 933 ob
600 867 663 934 hoc
689 869 797 939 fictum
820 869 955 955 legitur,
994 871 1082 958 quod
1103 872 1163 941 illis
1188 872 1296 947 diebus

189 971 276 1026 uttur
312 968 476 1045 pertusum
515 955 637 1021 habere
666 955 881 1042 perhibeatur.
934 957 1125 1023 Secundum
1162 959 1296 1027 fabulam

21 1080 26 1091 ι
144 982 219 1131 ,hel
250 1065 323 1109 cum
352 1042 507 1131 Clymene
535 1040 684 1129 Nympha
716 1041 824 1106 coiens
853 1040 1057 1109 Pha'e'thonta
1090 1034 1211 1109 dicitur
1244 1067 1296 1135 ge-
1332 1071 1333 1074 ¹

116 1130 286 1206 tonuisse,
309 1127 362 1215 qui
383 1139 533 1214 paternos
556 1148 669 1191 currus
691 1126 845 1192 allectans
861 1127 938 1191 'sibi
961 1140 1066 1215 atque*
1079 1128 1204 1195 mundo
1226 1150 1297 1196 con·

162 1213 363 1281 cremationis
383 1212 572 1279 detrimenta
591 1211 746 1276 conllavit.
791 1212 928 1299 Semper
948 1236 1029 1299 ergo
1051 1214 1098 1280 sol
1112 1237 1198 1281 curn
1221 1238 1298 1303 aqua

163 1302 273 1366 coiens
295 1300 417 1364 fructus
439 1296 561 1383 aliquos
581 1296 697 1383 gignat
718 1317 851 1362 necesse
873 1308 938 1378 est,
960 1300 1013 1386 qui
1035 1321 1075 1364 eo
1098 1298 1188 1387 quod
1210 1301 1297 1367 terris

129 1421 132 1426 ·
164 1386 326 1451 exilientes
351 1395 544 1471 appareant,
577 1381 791 1468 phaethontes
812 1382 903 1470 quasi
929 1385 1109 1468 pulvereae
1142 1386 1298 1475 appensus.

162 1484 216 1538 tur
224 1494 234 1552 3
279 1469 408 1557 <palacio
451 1468 534 1532 enim
571 1489 746 1553 apparens
779 1467 1025 1555 interpretatur„
1075 1470 1141 1543 Qui
1174 1472 1297 1559 quidem

77 1620 80 1633 ι
121 1557 288 1622 raliuctus
310 1552 352 1620 ad
375 1554 585 1619 maturitatem
608 1552 656 1617 sui
687 1552 761 1618 solis
793 1552 943 1631 ardorem
972 1567 1158 1642 quaerunt;·
1183 1556 1244 1625 sed
1263 1580 1297 1623 eo

163 1638 315 1727 ac‘cepto,
337 1639 555 1726 frequentibus
583 1648 616 1703 et
637 1637 737 1703 nimiis
757 1638 910 1705 incendiis
933 1653 1190 1708 concremantur.
1234 1643 1297 1707 Hu-

157 1726 212 1815 jus
236 1747 364 1791 sorores
386 1724 541 1810 gemmeis
559 1724 659 1808 guttis
679 1723 868 1804 lucentibus,
889 1735 928 1791 ut
947 1725 1081 1805 Ovidius
1102 1727 1137 1792 in
1158 1728 1298 1794 secundo

114 1840 120 1849 ·
162 1810 466 1896 Metamorphoseon
489 1809 604 1886 refert,
629 1809 770 1874 fraterna
792 1808 959 1897 deplorant
979 1812 1145 1892 incendia,
1180 1814 1297 1880 sucina·

122 1936 138 1963 a
166 1920 230 1985 que
252 1895 385 1983 diruptis
402 1894 527 1983 jaciunt
548 1895 693 1959 inaurata
715 1894 898 1962 corticibus.
954 1898 1047 1971 Quae
1076 1908 1110 1964 et
1137 1898 1296 1976 Heliades,

121 1981 200 2048 aoid
221 1994 271 2047 est
292 1980 376 2046 Solis
399 1981 493 2058 tiliae,
516 1989 750 2065 nuncupantur.
792 1981 979 2048 Herbarum
1000 1983 1099 2069 igitur
1129 1994 1163 2051 et
1191 1988 1295 2051 florum

120 2138 122 2147 ,
164 2067 278 2157 procul
321 2066 418 2131 dubio
456 2066 588 2130 arbores
615 2087 743 2131 sorores
772 2078 863 2147 sunt,
907 2090 992 2157 quae
1024 2091 1088 2135 nna
1125 2069 1295 2159 eademque

163 2153 298 2220 terroris
322 2150 525 2238 humorisque
553 2149 755 2241 jugabihtate
783 2144 973 2239 gignuntur.
1025 2156 1168 2223 Arbores
1200 2168 1311 2237 auteur¹

162 2239 251 2318 illae,
268 2240 365 2324 'quae
401 2238 545 2303 sucinum
578 2235 710 2316 sudant,
747 2235 824 2312 durn
853 2251 994 2306 maturas
1022 2240 1136 2326 fruges
1167 2242 1216 2308 sol
1240 2254 1295 2309 tor·

167 2348 243 2391 rens
264 2324 359 2390 Junio
391 2322 540 2410 Julioque
577 2322 737 2388 mensibus
770 2323 986 2391 incendiosior
1015 2325 1180 2393 Cancrum
1210 2339 1319 2415 atque

44 2460 57 2473 t
123 2412 314 2476 acteonem
344 2410 487 2494 attingit,
522 2421 599 2474 tunc
618 2422 707 2474 aestu
740 2407 841 2473 valido
873 2410 956 2478 fissis
988 2412 1295 2480 corticibus'sucuu

165 2521 257 2563 suum
279 2495 408 2583 hquoris
431 2498 462 2560 in
484 2493 628 2560 Eridano
659 2493 791 2559 flumine
820 2496 909 2582 aquis
938 2497 969 2562 in
1001 2496 1155 2564 electrum
1187 2496 1295 2565 duran-

164 2582 241 2648 dum
265 2585 420 2650 emittunt.
475 2577 648 2645 Sciendum
681 2601 774 2658 reru,
807 2579 901 2668 juxta
930 2580 1068 2648 Plinium
1096 2583 1128 2647 in
1160 2581 1297 2652 Naturali

164 2669 309 2734 Historia
329 2668 390 2734 tria
413 2688 484 2731 esse
506 2665 617 2730 electri
634 2686 774 2755 genera,
811 2687 908 2732 unum
930 2690 971 2733 ex
992 2668 1183 2750 arboribus,
1217 2666 1296 2773 quod

165 2756 310 2820 sucinum
341 2752 471 2832 dicitnr3
510 2748 614 2828 aliud,
645 2749 732 2838 quod
752 2751 937 2819 naturaliter
957 2753 1131 2835 invenitur3
1166 2766 1296 2835 ternum,

23 2859 25 2863 ’
122 2840 253 2927 eoquod
276 2842 312 2906 fit
334 2838 376 2903 de
396 2839 497 2923 tribus
518 2835 660 2924 partibus
682 2835 752 2902 auri
774 2846 807 2903 et
830 2859 893 2904 una
915 2839 1060 2926 argenti3
1080 2862 1163 2928 quas
1187 2850 1297 2930 partes,

164 2930 191 2992 si
211 2924 350 2995 resolvas
373 2944 527 2999 massam,
549 2920 696 2986 invenies.
738 2921 859 2988 Electri
882 2936 990 2992 autem
1011 2937 1128 2991 namra
1150 2929 1297 3014 probatur

60 3059 68 3073 ,
166 3035 305 3090 veneno,
329 3035 392 3099 quo
414 3018 564 3093 recepto,
597 3019 629 3072 et
657 3004 826 3074 stridorem
855 3010 970 3078 emittit
998 3022 1031 3078 et
1060 3011 1165 3078 vanos
1193 3010 1236 3079 ad
1261 3010 1295 3079 ci-

41 3123 45 3128 ’
165 3097 372 3165 militudinem
393 3091 666 3158 venenati.reddit
699 3093 831 3159 colores.

250 3186 300 3250 15.
343 3179 542 3247 Medicorum
587 3177 740 3244 Phoebus
780 3200 842 3243 non
879 3179 1036 3249 immerito
1070 3177 1153 3247 daus
1190 3179 1296 3247 dicitur

123 3270 217 3336 aurel
234 3266 326 3356 'quod
344 3267 481 3343 herbae,
504 3263 618 3351 quibus
640 3264 761 3353 physici
782 3275 931 3341 utuntur,
948 3266 1025 3333 ‘solis
1052 3264 1297 3356 calore'produ·

167 3367 299 3431 cuntur,
333 3352 379 3418 vel
409 3347 496 3437 quod
534 3349 726 3437 praecipuae
751 3351 937 3439 ‘temporum
973 3351 1183 3431 mutationes,
1225 3372 1298 3441 quac

166 3441 241 3507 solis
262 3460 374 3505 cursus
408 3435 565 3522 disponit,
603 3434 788 3503 humoribus
817 3434 1026 3523 aequalitates
1055 3447 1230 3525 apportant
1255 3432 1297 3501 rel

167 3525 422 3611 inaequalitates,
464 3520 640 3608 exquibus
669 3521 753 3586 salus
784 3519 1068 3609 aegritudinesque
1095 3532 1316 3611 generantur..

167 3609 265 3693 Unde
298 3612 392 3676 etiam
429 3605 562 3673 Ovidius
598 3606 753 3693 inprime
790 3605 1126 3696 Metamorphoseonae
1135 3618 1297 3676 autumnos
1338 3638 1340 3647 ·

128 3697 367 3786 toinaequales,
396 3694 427 3759 id
450 3704 499 3760 est
520 3690 682 3757 morbidos
706 3702 815 3772 vocat;
845 3714 983 3779 quorum
1005 3692 1153 3761 videlicet
1173 3693 1298 3781 singulis

171 3784 259 3848 annis
296 3804 411 3870 graves
448 3779 627 3865 experimur
670 3776 873 3863 pestilentias.
932 3778 1029 3863 Nam,
1055 3790 1092 3847 ut
1121 3792 1298 3847 autumnus

171 3868 288 3935 morbis
307 3864 465 3943 abundet,
500 3862 627 3951 liigoris
649 3875 682 3928 et
702 3861 815 3927 caloris
839 3863 965 3929 confine
987 3862 1082 3963 l'aciq,
1122 3866 1298 3951 quodlicet

171 3955 265 4020 etiam
285 3977 412 4018 vernum
443 3964 568 4037 tempus
600 3949 738 4024 habeat,
773 3949 902 4014 morbos
933 3959 1039 4016 tamen
1071 3947 1176 4017 minus
1207 3960 1299 4029 creat,

101 4085 115 4123 3
172 4042 246 4128 quia
277 4051 355 4105 tunc
384 4058 520 4124 corpora
549 4032 768 4122 praecedenti,
784 4032 899 4100 durata
932 4046 1007 4102 sunt
1037 4033 1178 4182 friqore,
1212 4104 1216 4111 ,
1245 4054 1301 4101 uae

130 4140 341 4200 mauturnnus
360 4122 552 4207 corrumpit,
575 4117 693 4184 laxiora
715 4118 875 4185 inveniens
898 4119 1028 4187 aestatis
1044 4138 1167 4186 caore.
1255 4122 1301 4186 inc

163 4226 349 4288 eternum,
383 4223 418 4276 ut
439 4207 482 4274 ait
504 4205 648 4284 Servius,
683 4204 737 4291 qui
760 4215 849 4272 secto
870 4205 980 4283 matris
1012 4214 1104 4273 utero
1132 4226 1301 4294 procreau-
