2684 4606
335 146 531 281 'uynoge
559 178 630 254 ιιι.
685 175 725 251 c.
780 126 958 261 t-tl'
1120 174 1204 253 art
1282 124 1284 133 ¹

72 380 148 427 eum
173 354 324 448 Virgilius
353 386 416 430 non
446 365 546 433 ventis
567 364 737 444 moderari,
770 361 828 432 scd
850 361 971 433 animos
994 384 1107 433 eorum
1128 364 1208 433 moi-

73 446 133 512 lire
155 460 188 514 ct
208 447 273 516 iras
297 449 374 517 dicit
392 463 590 538 temperare,
615 474 674 543 per
694 449 860 521 transitum
882 448 1032 531 ostendit,
1054 450 1128 518 ritis
1150 473 1207 518 nn⁴

74 545 170 600 torae
199 533 283 601 nubo
311 536 434 603 ratione
463 537 596 620 mutari,
625 535 683 604 sed
711 536 851 623 mitigari
878 535 1075 623 aliquatenus
1102 558 1207 624 posse.

76 618 260 687 Praeterea
278 621 348 708 quis
369 632 466 709 queat
488 633 619 703 ventos,
655 620 690 689 id
717 632 768 689 est
789 643 860 687 rem
878 620 1004 689 inanem
1024 622 1053 687 vi
1074 621 1208 689 tenere?

74 701 174 769 Unde
195 715 229 771 et
248 704 318 793 ipsc
337 707 429 795 regni
448 707 496 775 sui
513 731 553 773 ex
576 709 690 775 rimens
709 707 751 773 im
795 705 943 786 tentiam,
964 708 1231 794 qnodcnnzqne,s

75 788 196 877 inquit,
222 789 413 880 liverogni
439 803 503 860 eat.
580 793 685 860 isenus
712 804 751 860 tu
772 793 844 859 icen
874 791 964 859 decii
991 791 1072 861 filius
1103 791 1208 862 dictus

77 886 146 956 est,
177 874 252 965 qnia
272 888 397 945 constat
418 899 545 947 omnem
565 901 680 948 sonum
700 900 739 947 ex
764 888 858 947 rento
882 875 995 946 creaui.

368 1022 378 1041 x
440 1077 480 1153 5.
532 1078 842 1183 Neptunus.

167 1200 197 1266 l.
239 1200 383 1271 'l'ertiarn
404 1204 534 1274 Saturni
554 1208 697 1277 sobolem
717 1210 920 1299 Neptunum,
940 1200 974 1273 id
990 1213 1040 1274 est
1055 1223 1210 1291 aquarum

81 1282 291 1368 elementum,
323 1289 450 1371 dicuut;
487 1314 582 1380 quem
608 1316 629 1361 a
654 1296 810 1371 notando
843 1293 1047 1381 Neptunum.
1080 1284 1254 1365 81011ῐὸΙὸ

106 1379 188 1435 ortu
204 1372 425 1456 Portumnum,
444 1375 555 1446 litteris
576 1380 703 1466 paulum
724 1378 912 1459 immutatis,
933 1372 1112 1443 secundum
1131 1373 1212 1449 'Pub
1277 1394 1295 1453 ,’

76 1392 159 1554 iiam
190 1471 380 1548 nuncupant.
422 1462 521 1531 Hunc
548 1465 668 1533 Graeci
696 1464 893 1535 Ποσειδῶνα
913 1459 1090 1549 appellant,
1124 1455 1212 1563 pund
1284 1476 1303 1505 ²

83 1539 203 1609 Latrne
219 1542 355 1626 faciens
378 1546 572 1633 imaginem
592 1549 836 1641 interpretatur,
861 1571 903 1615 en
922 1546 1213 1625 videlicetratrone',

84 1625 174 1712 quod
202 1651 285 1716 aqua
314 1629 472 1718 imagines
501 1632 616 1703 formet
643 1637 676 1703 in
704 1658 740 1702 se
753 1632 994 1738 ‘spectantium
1024 1629 1113 1717 quod
1140 1627 1229 1695 uuili.

86 1708 137 1775 alii
161 1710 202 1777 de
224 1726 360 1802 quatuor
380 1717 540 1785 elementis
562 1721 688 1789 accidit.
720 1720 848 1787 Drcrtur
872 1731 906 1786 et
925 1720 1128 1869 encolpius,
1149 1714 1256 1782 bocla

86 1807 138 1861 est
158 1807 289 1865 terram
308 1824 459 1868 movens.
498 1807 609 1873 Anae
628 1806 774 1875 videlicet
791 1803 1001 1872 concussione
1041 1813 1096 1869 unt
1110 1813 1217 1868 terrae

87 1891 203 1961 motus,
226 1896 262 1952 ut
283 1887 478 1956 contendunt
498 1894 671 1977 opiniones.
703 1891 985 1969 Tudentemiert,
1006 1887 1093 1976 quod
1113 1907 1217 1974 aquae

87 1967 201 2052 tripiici
220 1970 394 2058 iungantur
413 1975 535 2042 virtute.
577 1979 661 2046 Sunt
682 1978 765 2045 enim
785 1976 940 2065 liquidae,
963 1973 1136 2052 secundae,
1158 1994 1218 2058 po-

88 2052 211 2121 tabiles.
254 2058 341 2124 Huic
354 2059 613 2148 ·Ampbitritidem
633 2064 666 2129 in
689 2060 1103 2152 conjugiumdeputemus3
1126 2050 1217 2159 ἀμφὶ

88 2137 172 2203 enim
194 2140 342 2223 circum,
365 2147 495 2233 τρίνον,
517 2148 604 2215 ut'in
626 2148 802 2247 Fulgentio
819 2168 916 2251 super
933 2142 1097 2225 Aeneide!
1143 2153 1261 2219 nunno

90 2223 181 2309 quasi
203 2231 438 2316 τετριμμένον,
462 2231 579 2300 Latine
595 2244 787 2300 contrusam
805 2231 939 2314 dicrtur;
970 2228 1057 2318 quod
1075 2228 1103 2295 ri
1127 2227 1220 2294 clieet

91 2331 177 2395 aqua
217 2310 317 2379 tribus
352 2314 513 2385 elementis
548 2317 699 2385 conclusa
734 2330 768 2387 et
798 2318 888 2406 quasi
916 2313 1140 2382 circumtrita
1169 2310 1220 2392 sit,

93 2394 200 2475 caelo,
221 2407 257 2464 ut
276 2397 309 2463 iu
330 2402 419 2489 aquis
442 2403 747 2491 supercaelestibusg
774 2402 920 2484 aira-in
940 2399 1093 2475 nubibus3
1122 2408 1220 2476 terra,

90 2479 124 2545 in
146 2481 285 2550 fontibus
307 2496 341 2553 et
360 2487 480 2573 puteis,
508 2487 555 2555 rel
576 2488 663 2578 quod
680 2488 749 2579 ipsa
770 2498 913 2567 terram,
937 2497 974 2565 ut
994 2480 1133 2586 ostendit
1151 2480 1222 2583 bia-

92 2567 240 2649 crebius,
269 2570 389 2639 ambiat
407 2584 441 2641 et
461 2572 690 2643 circumterat·
714 2572 812 2643 Unde
831 2572 983 2647 Tritones
1008 2591 1038 2636 er
1059 2566 1264 2637 desernreae

92 2650 261 2733 dicuntur3
295 2656 381 2742 quod
409 2680 513 2745 aquae
543 2672 645 2727 terras
675 2670 805 2726 sanna.
862 2654 959 2733 Quod
974 2664 1096 2723 -autcm
1123 2652 1220 2719 Doris

94 2759 178 2803 uxor
205 2739 347 2807 Tritonis
377 2741 462 2811 dicta
490 2758 556 2826 eat,
595 2747 637 2813 ab
670 2745 801 2813 historia
832 2754 970 2815 sumtum
1001 2751 1069 2815 est¹
1113 2736 1223 2805 Dorus
1262 2782 1265 2793 ·
1325 2802 1327 2809 .

94 2824 181 2903 enirn
200 2845 258 2901 rex
278 2826 380 2895 estitit
399 2830 574 2910 Graeciae,
603 2829 657 2920 qui
684 2830 715 2895 in
743 2829 823 2897 mari
851 2828 967 2909 dicitur
988 2848 1062 2893 cum
1083 2823 1227 2891 exercitu

95 2931 156 2975 suo
178 2910 308 2997 perisse.
350 2913 460 2988 Quare
480 2938 500 2983 a
519 2916 640 3003 potitis,
673 2914 843 2983 adulationi
873 2924 905 2981 et
928 2915 1085 2999 figmento
1107 2910 1226 3013 ubique

96 2993 364 3077 deservientibus,
384 2998 454 3087 ipse
474 2998 538 3067 dea
556 3002 677 3069 marina
698 3015 731 3068 et
751 2999 909 3069 exercitus
930 2998 998 3089 ejus
1016 2994 1099 3077 fiiiae
1115 2994 1269 3083 rpsiuuuo

95 3080 136 3147 id
153 3093 212 3158 est
235 3082 406 3183 Nymphae
434 3085 575 3153 marinae
603 3085 679 3154 dicti
709 3097 791 3171 sunt
833 3085 981 3151 Phorcus
1014 3098 1161 3184 quoque,
1192 3089 1229 3157 ut
1271 3154 1280 3169 Ι

96 3167 203 3235 Varro
223 3172 340 3249 relert,
371 3192 429 3237 rex
456 3172 515 3240 tuit
536 3173 691 3239 Corsicae
715 3183 748 3239 et
768 3168 945 3241 Sardiniae.
985 3166 1049 3243 Qun
1067 3188 1165 3253 quom
1186 3164 1228 3230 ab

96 3252 223 3321 Atlante
255 3275 337 3341 rege
369 3256 471 3347 naroli
499 3259 673 3325 certamine
702 3280 776 3325 cum
802 3277 923 3343 magna
950 3250 1108 3319 exercitus
1136 3260 1231 3338 parte

98 3338 213 3407 suisset
241 3340 397 3418 obrutus.
425 3340 459 3409 iu
488 3343 645 3415 marinum
674 3342 784 3413 itidem
811 3340 908 3407 deum
934 3338 1013 3406 socii
1041 3356 1228 3404 conversum

100 3445 176 3491 csse
202 3424 371 3494 finxerunt.
544 3490 547 3495 ,
1235 3428 1272 3479 to

185 3511 218 3585 Ἀ
261 3511 348 3579 Sane
375 3517 486 3602 poetas
514 3512 753 3601 superstitiones
771 3509 885 3579 muitas
907 3505 1115 3607 adinvenisse,
1135 3503 1231 3571 Plato

99 3596 171 3683 ipse
208 3595 241 3663 in
277 3596 378 3677 libro,
420 3599 475 3686 qui
513 3595 693 3687 φιλόσοφος
719 3596 920 3676 inscribitur,
956 3593 1137 3693 testimonio
1167 3600 1233 3691 est.

100 3682 225 3749 Narrat
243 3682 344 3762 enim,
375 3683 462 3772 quod
485 3685 663 3771 priscorum
685 3705 789 3771 genus
809 3681 990 3756 bominum,
1018 3672 1178 3763 srivrcaedr
1199 3685 1234 3741 ct

101 3779 268 3856 pastores,
297 3767 437 3837 rationes
463 3782 496 3836 et
517 3770 673 3859 potentias
695 3767 736 3835 ad
758 3790 851 3835 usum
870 3761 993 3834 urendi
1013 3761 1194 3860 bominibus
1213 3781 1234 3823 a

101 3852 207 3921 diviua
228 3853 343 3940 gratia.
356 3852 447 3924 datas
492 3877 527 3923 ro
549 3855 609 3923 diis
631 3854 794 3935 colebant,
825 3863 863 3920 ut
888 3846 1135 3937 agriculturam,
1166 3865 1277 3945 nn340

102 3939 347 4019 demissionem.
384 3952 417 4011 et
450 3878 489 4007 id
510 3963 616 4028 genua
642 3940 783 4028 plurima.
839 3934 967 4037 Deinde
1003 3938 1120 4035 pcetpe
1155 3929 1236 3995 iucn

103 4047 202 4093 causa
229 4035 270 4092 et
293 4022 408 4095 furoris
436 4025 566 4097 easdem
597 4025 745 4094 scientias
773 4026 973 4091 membratrm
1001 4018 1235 4114 effigtarerunt,

103 4108 306 4199 propriisque
334 4111 509 4179 nominibus
547 4135 603 4179 eas
641 4112 666 4178 ε’
695 4120 864 4191 naverunt,
908 4103 1072 4173 seientiam
1112 4095 1236 4168 coiendr

101 4218 199 4284 agros
215 4198 389 4280 Generum,
410 4196 535 4269 colendi
554 4198 661 4265 vineas
710 4194 846 4267 ueobum
869 4200 1104 4279 nuncupantem
1126 4197 1235 4273 turpes
