2684 4606
152 172 233 247 roa
466 130 654 275 napata.
673 152 734 240 ιι.
789 114 861 240 on
884 164 953 240 oe.

493 345 589 431 [34.
644 314 919 429 Tiresias.

96 518 101 527 ·
155 488 168 521 “-
239 483 396 563 Tiresias,
419 483 534 551 Eueris
555 483 654 563 lilius,
677 504 800 571 genere
819 481 1014 561 Thebanus,
1034 482 1067 549 in
1086 484 1288 577 ιιιοιιιεῧςι-Ι
1332 484 1334 495 ’

18 578 21 583 “
93 590 96 595 ⁴
153 574 225 639 lene
253 570 411 636 dracones
453 569 625 636 concubitu
650 568 820 636 haerentes
842 569 931 657 virga
954 590 1050 657 quum
1072 570 1289 659 percussisset,

36 668 52 685 ⁶
153 657 367 739 inmulierem
390 662 508 723 versus
521 660 577 722 'est
622 653 669 721 Er
692 665 765 744 post
787 655 940 744 temporis
960 654 1075 720 seriem
1095 656 1289 725 iterumeos

130 745 402 811 aconcumbentes
434 739 561 820 videns,
586 741 750 845 percussis
776 754 885 807 rursus
907 741 997 829 virga
1019 740 1050 805 in
1074 741 1190 809 eodem
1210 740 1291 823 loco,
1314 778 1322 815 ,-

155 828 188 896 in
216 831 354 918 liguram
387 824 482 894 rediit
507 827 678 929 pristinam.
730 825 804 901 Quo
833 839 980 914 tempore
1011 826 1094 893 inter
1121 828 1295 905 Jovemet

155 918 313 983 Jnnonem
335 914 449 1005 jocosa
478 912 538 978 furt
564 911 772 1001 disceptatio,
800 924 906 979 utrum
933 934 1002 978 mas
1025 933 1066 977 an
1088 911 1206 981 femina
1228 938 1290 981 ma-

149 1003 254 1093 jorem
284 1000 415 1066 sentiret
444 997 489 1063 rei
520 998 695 1089 conjugalis
723 998 934 1086 voluptatem
965 997 1167 1066 introductus
1194 999 1291 1090 judex
1329 1010 1332 1017 '

157 1088 317 1165 Tiresias,
340 1086 392 1172 qui
411 1096 578 1171 utramque
600 1095 744 1150 naturam
767 1096 916 1172 expertus
941 1083 1054 1163 luerat,
1076 1108 1205 1152 sensnm
1226 1109 1292 1154 ιιιιι-

119 1177 154 1225 1⁰
162 1173 246 1254 lieris
268 1171 309 1236 ad
329 1169 596 1258 comparationem
619 1169 675 1234 viri
692 1168 846 1258 triplicem
864 1170 934 1236 lore
949 1185 1195 1239 asseveraverat
1240 1174 1290 1239 0b

157 1259 221 1323 hoc
248 1258 334 1323 Jnno
362 1258 443 1321 irata
471 1276 582 1322 manus
612 1254 680 1343 eius
709 1254 880 1343 praecidit,
920 1266 954 1321 et
993 1278 1067 1322 eum
1099 1257 1291 1325 excaecavit

93 1406 96 1411 .
157 1344 303 1432 Juppiter
330 1356 436 1408 autem
465 1341 507 1405 ob
534 1339 621 1407 idei
643 1341 821 1421 concessit,
860 1354 895 1408 nt
920 1340 984 1408 VII
1009 1354 1133 1410 aetates
1166 1345 1292 1423 vireret,

158 1442 309 1516 ratesque
345 1426 564 1501 veracissimus
590 1427 771 1495 haberetur.
815 1426 992 1508 Tiresiam,
1025 1449 1120 1516 quem
1149 1428 1294 1511 diximus,

158 1513 287 1601 inteligi
310 1514 415 1580 volunt
436 1522 572 1600 ternpus,
593 1511 680 1601 quod
701 1514 732 1578 in
753 1534 828 1579 rere
850 1512 966 1579 dicitur
988 1512 1195 1593 maculam,
1223 1515 1294 1604 qnia

118 1602 238 1669 15ιιιιιι
258 1599 398 1666 soliditas
421 1611 453 1666 et
475 1598 623 1665 clausura
644 1609 693 1665 eet
710 1599 899 1684 germinum.
941 1598 1036 1684 Ergo
1064 1598 1142 1667 dum
1165 1624 1295 1668 vernum

158 1698 283 1772 tempus
299 1687 446 1769 coeuntia
460 1685 520 1752 sihi
533 1684 652 1750 effectu
667 1684 812 1751 animalia
824 1683 948 1765 viderit,
962 1704 1065 1772 eaque
1075 1685 1194 1774 virga,
1207 1686 1297 1756 idest

59 1774 61 1779 '
157 1769 309 1854 fervoris
330 1783 447 1849 nesta,
467 1771 686 1859 ‚percusseris
714 1769 746 1835 in
769 1768 940 1836 femineum
960 1791 1070 1835 sexum
1092 1774 1296 1853 convertimr,

160 1855 235 1921 dum
271 1857 303 1921 in
343 1857 471 1923 aestatis
503 1855 661 1925 fervorem
692 1865 842 1922 mutatur.
894 1858 1055 1922 Aestatem
1089 1872 1230 1947 natuque
1265 1860 1296 1925 in

160 1941 289 2007 modum
320 1942 456 2007 feminae
482 1957 622 2029 ponunt,
651 1939 725 2028 quia
755 1940 860 2007 omnia
885 1940 1047 2029 patefacta
1067 1943 1133 2008 suis
1155 1944 1296 2013 folliculis

118 2038 339 2113 eormergunt.
372 2027 472 2115 Cujus
493 2027 642 2114 genitura
664 2025 741 2091 dnm
763 2027 909 2094 veniente
931 2039 1082 2093 autumno
1096 2030 1300 2116 prohibetur,
1329 2028 1334 2043 ’

159 2114 272 2178 iterum
304 2114 335 2187 io
364 2114 502 2199 priorem
533 2110 732 2200 concipiendi
763 2124 797 2179 et
824 2112 1002 2263 stringendi
1024 2114 1201 2201 imaginem
1223 2140 1297 2185 con-
1331 2184 1334 2189 ,

160 2200 302 2265 vertitur.
344 2199 493 2285 Denique
514 2220 611 2284 quum
632 2196 759 2273 duobus
781 2198 858 2276 diis,
887 2199 896 2261 i
941 2209 991 2264 est
1010 2197 1137 2267 duobus
1159 2200 1334 2271 elenen-:²

160 2283 218 2362 tis,
251 2283 318 2370 igni
340 2296 374 2350 et
395 2284 478 2363 adri,
505 2281 665 2371 judicandi
692 2306 791 2351 cansa
813 2283 1000 2362 adhibetur,
1023 2284 1144 2374 justam
1164 2287 1210 2354 de
1251 2288 1297 2357 'us

155 2368 277 2458 jndicio
300 2371 455 2435 rationem
477 2370 655 2454 profitetur.
689 2368 739 2435 Ad
761 2368 1016 2443 fructificantium
1037 2371 1120 2437 enim
1141 2396 1322 2460 germine,

118 2455 255 2543 assaph
281 2457 346 2520 adri
375 2477 452 2542 prae
482 2455 559 2540 igne
580 2455 721 2543 suppetit
740 2455 882 2523 materia.
927 2456 991 2520 Aiir
1012 2456 1096 2523 enim
1117 2470 1151 2524 et
1171 2461 1296 2527 maritat

160 2541 191 2605 in
213 2540 333 2626 glebis,
357 2552 389 2607 et
409 2538 563 2627 perdurat
583 2541 615 2607 in
640 2539 739 2619 l'oliis,
767 2552 800 2607 et
821 2539 1020 2627 gravidatio
1043 2541 1197 2612 folliculis.
1243 2545 1296 2613 Sol

84 2642 87 2647 ’
161 2637 266 2692 autem
290 2637 450 2693 rnatmare
468 2637 590 2695 tantum
618 2626 706 2692 novit
724 2625 756 2699 in
777 2626 897 2710 granis.
939 2626 1113 2695 AJunone
1134 2644 1295 2713 caecatur,
1331 2670 1334 2679 ·

161 2712 235 2799 quia
268 2711 384 2789 hiemis⁸
409 2725 534 2800 tempus
564 2711 707 2776 nubilosa
727 2714 809 2776 adris
834 2711 971 2813 caligine
996 2713 1177 2784 obducitur.
1221 2719 1294 2807 Jup·

160 2797 242 2883 piter
270 2819 346 2862 vero
375 2798 404 2862 ei
432 2797 606 2900 vaporibus
631 2793 764 2862 occultis
791 2795 1050 2884 praescrentiam,
1079 2799 1114 2869 id
1143 2814 1195 2872 est
1224 2824 1295 2873 con·

119 2912 155 2960 30
163 2881 357 2974 ceptionem,
387 2882 483 2950 futurr
505 2881 721 2949 submmistrat
741 2883 904 2969 germinis.-

482 3048 594 3124 xlili.
648 3052 937 3128 Branchus.

247 3179 425 3254 Branchus,
448 3177 578 3267 Apollini
596 3176 740 3261 dilectus,
764 3180 942 3247 suturarum
961 3181 1019 3246 l'uit
1037 3180 1167 3268 peritus.
1200 3183 1296 3275 Cujus
1311 3204 1328 3235 -·

162 3266 231 3333 talis
260 3277 310 3332 est
337 3263 452 3328 sabula.
496 3264 576 3331 Cius
604 3264 732 3352 quidam
753 3266 784 3331 in
807 3267 1065 3352 peregrinatione
1087 3289 1184 3353 quum
1206 3290 1295 3356 pran-
1321 3340 1324 3345 ,

164 3350 256 3417 deret
283 3351 315 3415 in
336 3349 445 3429 litore,
479 3350 684 3437 proficiscens
704 3352 829 3419 oblitus
850 3364 900 3417 cst
920 3351 1035 3431 filium,
1065 3351 1295 3441 Synichronem

119 3436 300 3514 asnomine.
333 3434 389 3500 llle
410 3435 440 3499 in
462 3435 576 3502 saltum
600 3437 764 3527 cujusdam
786 3437 936 3504 Patronis
959 3438 1111 3527 pervehit,
1134 3451 1296 3528 receptus-
1320 3470 1323 3477 ·

165 3545 228 3610 que
248 3543 321 3586 cnm
342 3519 411 3584 filiis
434 3522 501 3611 ejus
524 3544 637 3609 capras
660 3546 794 3611 pascere
817 3524 931 3610 coepit.
960 3522 1137 3611 Aliquando
1158 3546 1317 3614 cygnum·

162 3605 453 3695 prehendiderant,
483 3618 516 3673 et
541 3608 625 3674 illum
647 3623 735 3677 veste
757 3620 1001 3696 cooperuerunt.
1043 3609 1092 3674 Illi
1112 3611 1317 3714 pugnando,

163 3705 235 3760 uter
264 3692 347 3780 patri
376 3689 451 3755 illud
482 3717 595 3760 munus
623 3696 772 3774 ollerret,
801 3716 898 3782 quum
920 3705 1028 3763 essent
1049 3694 1175 3782 latigatr
1196 3708 1320 3767 cern--

164 3779 265 3852 mine,
288 3775 449 3842 mulierem
471 3778 675 3862 invenerunt,
697 3781 816 3870 rejecta
836 3792 933 3849 veste.
965 3782 1011 3848 Et
1032 3804 1129 3867 quum
1151 3783 1298 3871 fugerent

123 3863 284 3941 anterriti,
314 3863 452 3930 revocati
473 3868 514 3930 nb
537 3890 593 3946 ea,
622 3878 657 3932 ut
677 3867 799 3933 Patron
820 3867 914 3933 unice
936 3866 1167 3957 Synichronom
1190 3869 1300 3973 dilige·

166 3959 217 4015 ret
238 3970 389 4035 puerum,
410 3962 491 4017 sunt
517 3950 677 4018 admoniti.
719 3951 765 4017 Illi
785 3975 868 4039 quae
889 3952 1074 4034 audierant,
1099 3954 1236 4022 Patroni
1253 3974 1300 4021 rn-

167 4033 360 4100 ‹licaverunt
404 4036 501 4101 'l'unc
531 4039 652 4103 Patron
682 4037 913 4127 Synichronern
932 4062 996 4128 pro
1018 4062 1076 4105 suo
1098 4038 1162 4105 lilio
1184 4032 1299 4119 dilexit,

167 4119 261 4207 eique
281 4119 374 4185 filiam
397 4143 529 4188 uxorem
560 4122 682 4189 locavit.
724 4122 796 4204 llla,
825 4126 866 4190 ab
896 4147 935 4191 eo
956 4127 1195 4212 impraegnata,
1227 4122 1312 4195 vidit.

88 4272 91 4279 ,
167 4206 198 4271 in
230 4207 347 4273 somnis
377 4230 433 4292 per
464 4208 574 4277 lauces
601 4208 749 4279 introisse
775 4209 928 4280 solem=et
949 4212 1052 4281 exisse
1072 4232 1131 4299 per
1152 4220 1312 4289 sennem„
