2684 4606
351 173 575 290 gmynop.
604 144 656 259 n.
712 187 810 265 nro.
841 184 954 307 ten..
1140 173 1237 271 tta

90 373 340 444 innumerabiles
370 384 496 442 meatus
530 373 573 442 ad
600 374 796 462 irrigandam
822 399 912 451 suam
937 376 1130 464 provinciam
1152 378 1237 450 deri-

92 464 193 544 varit,
237 481 361 553 suaque
401 482 543 549 expensa
579 462 709 528 avaritia
747 464 877 530 flurium
913 462 1048 533 fertilem
1087 465 1236 537 reddidit.

70 548 183 619 'tuda
210 546 295 614 enlm
325 547 457 613 Graece
483 547 575 633 quasi
602 548 713 635 μηδὲν
738 543 819 617 idcir
848 546 981 632 dicitur,
1012 549 1046 616 id
1075 561 1125 620 est
1145 553 1239 619 nihil

88 636 216 702 aciens.
260 634 382 699 Avarus
417 631 501 700 enim
534 632 566 701 in
602 644 724 701 tentum
757 634 871 703 stultus
900 645 970 718 est,
1002 636 1040 705 u't
1061 638 1156 705 etiam
1176 635 1235 705 sibi

88 718 247 811 prodesse
269 718 399 786 nesciat
1234 737 1258 819 p
1335 759 1337 764 ,

176 888 276 968 119.
330 885 805 989 GertamonNeptuni
828 896 873 963 et
897 879 1147 981 Minervae-⁰

80 1085 83 1090 .
176 1020 289 1097 Quum
309 1019 341 1085 iu
362 1015 522 1104 acropoli,
544 1015 740 1085 Athenarum
752 1040 838 1100 arce,
861 1018 1032 1109 Neptunus
1048 1021 1235 1088 etMinerva

90 1107 136 1174 de
154 1108 284 1175 nomine
304 1102 500 1172 Athenarum
521 1102 769 1181 contenderent,
789 1104 907 1193 placuit
928 1106 1006 1188 diis,
1037 1120 1073 1174 ut
1091 1106 1171 1174 illius
1193 1131 1235 1174 ex

90 1193 221 1261 nomine
242 1192 351 1258 civitas
373 1189 554 1269 diceretur,
581 1189 636 1276 qui
664 1212 777 1257 munus
801 1190 911 1263 melius
933 1192 1119 1260 mortalibus
1140 1195 1235 1262 obtu-

89 1279 188 1347 lisset
239 1279 337 1345 'l'uno
364 1276 535 1363 Neptunus
558 1297 718 1426 percusso
740 1298 815 1343 cum
836 1277 973 1345 tridente
993 1278 1086 1346 litore
1147 1301 1278 1355 numne,

91 1363 208 1432 animal
228 1362 317 1430 bellis
337 1373 472 1451 aptum,
495 1383 556 1450 pro
582 1360 656 1428 uxit
698 1362 841 1429 Minerva
863 1363 987 1452 jactata
1008 1363 1101 1432 hasta
1120 1366 1232 1433 o‘ram

89 1452 229 1534 creavit3
285 1471 347 1515 uae
374 1467 426 1513 res
453 1458 504 1514 est
535 1446 645 1514 melior
673 1449 898 1535 comprobata,
931 1461 964 1517 et
991 1450 1078 1538 pacis
1108 1449 1234 1538 insigne

87 1537 209 1604 habita
287 1557 328 1602 ox
361 1532 470 1602 civitas
501 1533 688 1601 Athenae
716 1534 805 1622 quasi
827 1527 1007 1622 ἀθανάτη,
1039 1533 1073 1601 id
1094 1546 1144 1603 est
1164 1537 1233 1600 im-

88 1619 266 1689 mortalia.
308 1619 413 1701 Hine,
446 1616 522 1706 quia
550 1618 714 1685 Minervae
743 1641 855 1686 munus
882 1620 1056 1707 praelatum
1075 1632 1125 1689 est
1146 1619 1232 1686 dono

87 1705 249 1797 Neptuni,
278 1727 384 1772 ramus
406 1703 507 1770 olivae
529 1703 580 1770 eui
602 1706 753 1781 offertur,
781 1707 937 1773 offerente
957 1706 1068 1771 melior
1089 1728 1162 1774 esse
1177 1707 1276 1796 ju-ta

90 1790 228 1861 dicatur.
270 1792 358 1865 Hine
377 1802 427 1859 est
453 1790 653 1879 proverbium
675 1791 751 1857 illud
768 1789 911 1856 herbam
932 1791 993 1872 do,
1022 1793 1055 1858 id
1077 1805 1128 1861 ent
1149 1794 1231 1860 cedo

87 1880 264 1962 victoriam.
299 1877 384 1944 Nam
405 1898 505 1965 quum
525 1876 558 1942 in
580 1877 740 1964 agonibus
753 1875 872 1965 aliquis
895 1876 1028 1945 herbam
1048 1879 1080 1944 in
1101 1875 1232 1945 modum

88 1960 215 2055 pblruae
237 1963 295 2030 dat
314 1964 362 2045 ei,
390 1984 464 2029 cum
505 1983 546 2028 uo
568 1984 632 2029 non
656 1973 792 2029 conatur
810 1962 1025 2045 contendere,
1054 1988 1129 2031 eum
1151 1964 1232 2033 late·

88 2064 143 2120 tur
168 2048 335 2117 meliorem
365 2071 446 2115 esse,
519 2048 583 2117 uus
612 2061 719 2115 autem
748 2070 857 2115 ramus
879 2047 980 2116 olivae
1002 2049 1167 2137 alligatur,
1195 2063 1232 2119 ut

87 2137 203 2205 inertia
232 2145 290 2201 aut
317 2133 514 2201 imbecillitas
531 2135 709 2201 offerentis
740 2132 938 2202 ostendatur.
980 2135 1106 2202 Scimus
1136 2135 1275 2213 enimse

88 2244 166 2309 ores
183 2220 288 2288 alieno
316 2242 442 2309 semper
463 2242 563 2308 egere
584 2221 708 2285 auxilio.
750 2220 880 2308 Equum
902 2231 1019 2300 autem,
1042 2245 1060 2286 a
1078 2222 1229 2309 Neptuno

86 2308 314 2399 progenitum,
337 2306 388 2372 alii
410 2305 562 2379 Scibam,
584 2306 633 2371 alii
648 2306 840 2384 Chironem,
868 2304 918 2372 alii
938 2307 1086 2372 Arionem
1108 2309 1229 2396 (quem

87 2392 245 2463 Adrastus
257 2392 289 2458 in
302 2390 463 2458 'l'hebauo
482 2391 604 2480 proelio
624 2390 753 2476 habuit)
776 2390 887 2477 dicunt
906 2392 1004 2458 luisse
1026 2393 1229 2459 nominatum.
1259 2430 1261 2437 ·

85 2478 172 2551 Ideo
193 2490 302 2546 autem
332 2477 503 2567 Neptunus
531 2477 648 2545 dicitur
676 2498 793 2564 equum
822 2476 995 2560 invenisse,
1036 2478 1111 2566 quia
1138 2479 1228 2545 velox

85 2575 138 2641 est
165 2564 238 2655 ejus
269 2585 385 2630 numen
413 2575 447 2631 et
466 2563 601 2643 mobile,
632 2561 715 2630 sicut
744 2582 842 2629 mare.
886 2561 982 2629 Unde
1001 2573 1035 2629 et
1057 2565 1175 2630 Castor
1196 2577 1273 2634 etta

84 2644 221 2732 Pollux,
243 2648 317 2736 quia
340 2670 451 2717 eorum
473 2648 689 2720 velocissimae
707 2647 817 2717 stellae
837 2658 930 2729 sunt,
957 2670 1059 2738 equos
1077 2649 1109 2715 io
1131 2650 1231 2718 tutela

85 2734 211 2807 habere
230 2736 389 2804 dicuntur.
463 2748 468 2759 “

322 2852 325 2857 ’
489 2887 584 2967 rso.
638 2890 707 2969 mr
723 2916 831 2968 nos.

171 3018 297 3102 Minos,
329 3015 478 3089 Joris'et
502 3008 656 3124 Europae
673 2998 776 3102 filius,
808 3014 1166 3110 quum‘sacrilicaturus
1184 3014 1227 3086 ad

84 3130 161 3179 am
180 3109 281 3199 patris
304 3106 493 3189 accederet,
521 3119 623 3174 orout
651 3108 826 3196 potentiam
853 3105 1005 3185 numinis,
1034 3117 1071 3174 ut
1095 3106 1272 3194 dignamcu

85 3195 150 3264 aria
171 3192 238 3262 suis
259 3194 395 3260 hostiam
416 3193 486 3283 ipse
507 3194 686 3282 praeberet.
734 3194 850 3281 Itaque
870 3192 975 3261 subito
997 3202 1109 3273 taurus
1130 3216 1229 3296 appa·

83 3280 151 3350 ruit
169 3280 267 3347 nimio
289 3277 433 3346 caudore
453 3279 612 3369 perfusus.
643 3280 748 3355 Quem
770 3302 867 3367 quum
890 3277 1101 3345 admiraretur
1112 3274 1228 3357 Minos,

83 3366 251 3456 religionis
277 3364 411 3445 oblitus,
443 3365 577 3431 armenti
610 3362 659 3431 sui
688 3364 797 3433 maluit
818 3388 894 3432 esse
921 3363 1106 3441 ductorem
1137 3364 1228 3454 eujus

86 3454 185 3521 οῑὶαω
207 3449 326 3520 ardore
345 3448 524 3537 Pasiphnii‚
553 3450 618 3517 filia
637 3450 740 3534 Solis,
769 3473 851 3518 uxor
877 3448 1011 3531 Minois,
1036 3448 1152 3516 dicitur
1175 3472 1227 3533 ap

76 3540 176 3617 ,sisse
214 3537 333 3626 ‘Igitur
362 3539 541 3605 contemtus
568 3537 715 3625 luppiter
742 3559 762 3603 a
791 3537 854 3603 filio
886 3536 1028 3602 furorem
1054 3547 1147 3603 tauro
1168 3532 1270 3606 im-co

85 3626 189 3705 misit,
221 3636 259 3692 ut
290 3623 493 3690 Cretensium
522 3645 585 3688 non
612 3622 715 3689 solum
740 3643 857 3709 agros,
888 3620 946 3687 sed
964 3621 1111 3687 universa
1133 3621 1227 3689 etiam

85 3712 213 3791 moenia
242 3719 390 3777 rasmrct.
432 3710 530 3775 Hunc
552 3709 727 3787 Hercules,
756 3709 869 3774 missus
892 3706 1066 3797 Eurysthei
1084 3707 1228 3796 imperio,

86 3794 265 3887 superarit,
304 3795 485 3883 victumque
520 3796 626 3884 Argos
653 3817 756 3884 usque
782 3794 940 3883 perduxit.
993 3794 1098 3867 Quem
1129 3814 1228 3880 quum

86 3883 290 3977 Eurystheus
318 3881 437 3947 Jnnoui
467 3902 661 3949 consecrare
693 3880 802 3961 vellet,
842 3881 928 3945 Juno
966 3901 1064 3945 exosa
1093 3878 1250 3957 munus„

41 4008 46 4027 ·
87 3971 173 4059 qood
195 3967 240 4036 od
260 3967 413 4035 florentis
431 3966 567 4055 gloriam
587 3967 782 4058 pertinebat,
811 3977 938 4033 taurum
964 3965 974 4029 i
1010 3998 1013 4003 ·
1044 3965 1152 4031 tticarn
1173 3981 1270 4033 re-to

41 4134 43 4143 Ι
87 4058 215 4143 gionem
228 4052 356 4143 expulit,
371 4051 577 4121 ubiamonte
590 4053 658 4120 e'us
670 4052 987 4120 MarathoneMara
1046 4050 1225 4116 oniusest
1333 4080 1335 4085 ·

67 4143 285 4249 'appellatum
318 4159 413 4226 quem
443 4152 561 4237 postea⁸
589 4080 756 4215 doeens,
787 4137 889 4226 Aegei
916 4135 1019 4216 silius,
1056 4135 1224 4216 interemit

41 4194 62 4303 l
91 4228 153 4297 bed
174 4228 219 4313 de
238 4224 400 4315 Pasiphae
420 4240 455 4296 et
475 4224 589 4293 eodem
610 4238 704 4294 tauro
725 4223 848 4314 plenius
868 4222 1005 4290 dicatum
1121 4236 1126 4246 “

41 4378 221 4575 l*
