<?xml version="1.0" encoding="UTF-8"?>
<!DOCTYPE html PUBLIC "-//W3C//DTD XHTML 1.0 Transitional//EN"
    "http://www.w3.org/TR/xhtml1/DTD/xhtml1-transitional.dtd">
<html xmlns="http://www.w3.org/1999/xhtml" xml:lang="en" lang="en">
 <head>
  <title>
</title>
<meta http-equiv="Content-Type" content="text/html;charset=utf-8" />
  <meta name='ocr-system' content='tesseract 3.04.00' />
  <meta name='ocr-capabilities' content='ocr_page ocr_carea ocr_par ocr_line ocrx_word'/>
</head>
<body>
  <div class='ocr_page' id='page_1' title='image "./scriptoresrereu00bodegoog_0177.png"; bbox 0 0 2684 4606; ppageno 0'>
   <div class='ocr_carea' id='block_1_1' title="bbox 71 155 945 341">
    <p class='ocr_par' dir='ltr' id='par_1_1' title="bbox 71 155 945 341">
     <span class='ocr_line' id='line_1_1' title="bbox 71 155 945 341; baseline -0.006 -40"><span class='ocrx_word' id='word_1_1' title='bbox 71 221 175 305; x_wconf 63' lang='lat' dir='ltr'><strong>rsox</strong></span> <span class='ocrx_word' id='word_1_2' title='bbox 371 222 555 341; x_wconf 58' lang='lat' dir='ltr'><strong>mmm.</strong></span> <span class='ocrx_word' id='word_1_3' title='bbox 582 223 635 300; x_wconf 88' lang='lat'><strong>11.</strong></span> <span class='ocrx_word' id='word_1_4' title='bbox 688 155 945 299; x_wconf 54' lang='lat' dir='ltr'><strong>seu-„rm</strong></span> 
     </span>
    </p>
   </div>
   <div class='ocr_carea' id='block_1_2' title="bbox 24 401 1214 677">
    <p class='ocr_par' dir='ltr' id='par_1_2' title="bbox 24 401 1214 677">
     <span class='ocr_line' id='line_1_2' title="bbox 74 401 1214 496; baseline -0.004 -23"><span class='ocrx_word' id='word_1_5' title='bbox 74 419 107 475; x_wconf 87' lang='lat' dir='ltr'><strong>et</strong></span> <span class='ocrx_word' id='word_1_6' title='bbox 134 409 271 496; x_wconf 84' lang='lat' dir='ltr'><strong>pecunia</strong></span> <span class='ocrx_word' id='word_1_7' title='bbox 298 417 366 476; x_wconf 84' lang='lat' dir='ltr'><strong>totu</strong></span> <span class='ocrx_word' id='word_1_8' title='bbox 396 417 471 473; x_wconf 85' lang='lat' dir='ltr'><strong>unte</strong></span> <span class='ocrx_word' id='word_1_9' title='bbox 500 427 538 471; x_wconf 90' lang='lat' dir='ltr'><strong>se</strong></span> <span class='ocrx_word' id='word_1_10' title='bbox 567 414 751 491; x_wconf 80' lang='lat' dir='ltr'><strong>numerata,</strong></span> <span class='ocrx_word' id='word_1_11' title='bbox 781 401 859 471; x_wconf 84' lang='lat' dir='ltr'><strong>dixit</strong></span> <span class='ocrx_word' id='word_1_12' title='bbox 888 412 1009 492; x_wconf 81' lang='lat' dir='ltr'><strong>aegro:</strong></span> <span class='ocrx_word' id='word_1_13' title='bbox 1048 402 1121 470; x_wconf 82' lang='lat' dir='ltr'><strong>nisi</strong></span> <span class='ocrx_word' id='word_1_14' title='bbox 1149 413 1214 469; x_wconf 81' lang='lat' dir='ltr'><strong>tua</strong></span> 
     </span>
     <span class='ocr_line' id='line_1_3' title="bbox 24 486 1213 579; baseline 0.002 -23"><span class='ocrx_word' id='word_1_15' title='bbox 24 500 28 511; x_wconf 91' lang='grc'><strong>’</strong></span> <span class='ocrx_word' id='word_1_16' title='bbox 73 494 266 568; x_wconf 79' lang='lat' dir='ltr'><strong>custodias,</strong></span> <span class='ocrx_word' id='word_1_17' title='bbox 295 490 387 558; x_wconf 74' lang='lat' dir='ltr'><strong>sinit</strong></span> <span class='ocrx_word' id='word_1_18' title='bbox 406 491 540 569; x_wconf 82' lang='lat' dir='ltr'><strong>distat,</strong></span> <span class='ocrx_word' id='word_1_19' title='bbox 562 488 665 579; x_wconf 81' lang='lat' dir='ltr'><strong>same</strong></span> <span class='ocrx_word' id='word_1_20' title='bbox 690 513 736 553; x_wconf 75' lang='lat' dir='ltr'><strong>arr</strong></span> <span class='ocrx_word' id='word_1_21' title='bbox 758 486 874 555; x_wconf 84' lang='lat' dir='ltr'><strong>morbo</strong></span> <span class='ocrx_word' id='word_1_22' title='bbox 894 512 1028 579; x_wconf 77' lang='lat' dir='ltr'><strong>pereae.</strong></span> <span class='ocrx_word' id='word_1_23' title='bbox 1067 488 1126 557; x_wconf 83' lang='lat' dir='ltr'><strong>Ille</strong></span> <span class='ocrx_word' id='word_1_24' title='bbox 1148 489 1213 558; x_wconf 81' lang='lat' dir='ltr'><strong>evi·</strong></span> 
     </span>
     <span class='ocr_line' id='line_1_4' title="bbox 74 574 867 677; baseline 0.003 -35"><span class='ocrx_word' id='word_1_25' title='bbox 74 578 195 664; x_wconf 78' lang='lat' dir='ltr'><strong>giians,</strong></span> <span class='ocrx_word' id='word_1_26' title='bbox 227 578 305 669; x_wconf 77' lang='lat' dir='ltr'><strong>quis</strong></span> <span class='ocrx_word' id='word_1_27' title='bbox 324 575 444 642; x_wconf 76' lang='lat' dir='ltr'><strong>tollit?</strong></span> <span class='ocrx_word' id='word_1_28' title='bbox 479 574 539 655; x_wconf 81' lang='lat' dir='ltr'><strong>ait,</strong></span> <span class='ocrx_word' id='word_1_29' title='bbox 574 586 609 645; x_wconf 83' lang='lat' dir='ltr'><strong>et</strong></span> <span class='ocrx_word' id='word_1_30' title='bbox 629 574 767 644; x_wconf 74' lang='lat' dir='ltr'><strong>salvatus</strong></span> <span class='ocrx_word' id='word_1_31' title='bbox 788 585 867 677; x_wconf 54' lang='grc' dir='ltr'><strong>φεῖ.Ι</strong></span> 
     </span>
    </p>
   </div>
   <div class='ocr_carea' id='block_1_3' title="bbox 277 740 1200 853">
    <p class='ocr_par' dir='ltr' id='par_1_3' title="bbox 277 740 1200 853">
     <span class='ocr_line' id='line_1_5' title="bbox 277 740 1200 853; baseline -0.001 -10"><span class='ocrx_word' id='word_1_32' title='bbox 277 760 377 843; x_wconf 84' lang='grc'><strong>227.</strong></span> <span class='ocrx_word' id='word_1_33' title='bbox 432 763 685 845; x_wconf 82' lang='lat' dir='ltr'><strong>Columbae</strong></span> <span class='ocrx_word' id='word_1_34' title='bbox 721 764 1009 843; x_wconf 80' lang='lat' dir='ltr'><strong>Dodonaeae.</strong></span> <span class='ocrx_word' id='word_1_35' title='bbox 1112 848 1115 853; x_wconf 67' lang='grc'><em>,</em></span> <span class='ocrx_word' id='word_1_36' title='bbox 1197 740 1200 745; x_wconf 33' lang='grc'><strong>’</strong></span> 
     </span>
    </p>
   </div>
   <div class='ocr_carea' id='block_1_4' title="bbox 50 892 1271 1226">
    <p class='ocr_par' dir='ltr' id='par_1_4' title="bbox 50 892 1271 1226">
     <span class='ocr_line' id='line_1_6' title="bbox 50 892 1221 986; baseline -0.005 -21"><span class='ocrx_word' id='word_1_37' title='bbox 50 904 67 952; x_wconf 76' lang='lat'>⁵</span> <span class='ocrx_word' id='word_1_38' title='bbox 161 894 302 964; x_wconf 86' lang='lat' dir='ltr'><strong>Dodona</strong></span> <span class='ocrx_word' id='word_1_39' title='bbox 329 893 438 962; x_wconf 85' lang='lat' dir='ltr'><strong>civitas</strong></span> <span class='ocrx_word' id='word_1_40' title='bbox 468 910 518 964; x_wconf 87' lang='lat' dir='ltr'><strong>est</strong></span> <span class='ocrx_word' id='word_1_41' title='bbox 543 896 653 984; x_wconf 80' lang='lat' dir='ltr'>Epiri,</span> <span class='ocrx_word' id='word_1_42' title='bbox 683 896 775 986; x_wconf 79' lang='lat' dir='ltr'><strong>juxto</strong></span> <span class='ocrx_word' id='word_1_43' title='bbox 804 919 901 985; x_wconf 88' lang='lat' dir='ltr'><strong>quam</strong></span> <span class='ocrx_word' id='word_1_44' title='bbox 930 906 981 964; x_wconf 89' lang='lat' dir='ltr'><strong>est</strong></span> <span class='ocrx_word' id='word_1_45' title='bbox 1004 892 1104 974; x_wconf 79' lang='lat' dir='ltr'><strong>siim,</strong></span> <span class='ocrx_word' id='word_1_46' title='bbox 1134 914 1221 982; x_wconf 83' lang='lat' dir='ltr'><strong>quse</strong></span> 
     </span>
     <span class='ocr_line' id='line_1_7' title="bbox 69 978 1271 1086; baseline -0.002 -37"><span class='ocrx_word' id='word_1_47' title='bbox 69 983 171 1086; x_wconf 81' lang='lat' dir='ltr'><strong>&#39;ctiam</strong></span> <span class='ocrx_word' id='word_1_48' title='bbox 204 980 346 1085; x_wconf 64' lang='lat' dir='ltr'><strong>pedona</strong></span> <span class='ocrx_word' id='word_1_49' title='bbox 382 978 515 1085; x_wconf 75' lang='lat' dir='ltr'><strong>dicitur,</strong></span> <span class='ocrx_word' id='word_1_50' title='bbox 550 980 715 1086; x_wconf 74' lang='lat' dir='ltr'><strong>abundans</strong></span> <span class='ocrx_word' id='word_1_51' title='bbox 777 980 942 1085; x_wconf 55' lang='lat' dir='ltr'><strong>madibus,</strong></span> <span class='ocrx_word' id='word_1_52' title='bbox 977 981 1092 1070; x_wconf 83' lang='lat' dir='ltr'><strong>quibus</strong></span> <span class='ocrx_word' id='word_1_53' title='bbox 1125 978 1222 1068; x_wconf 87' lang='lat' dir='ltr'><strong>primi</strong></span> <span class='ocrx_word' id='word_1_54' title='bbox 1268 1004 1271 1019; x_wconf 76' lang='lat'>¹</span> 
     </span>
     <span class='ocr_line' id='line_1_8' title="bbox 75 1065 1223 1226; baseline 0 -92"><span class='ocrx_word' id='word_1_55' title='bbox 75 1065 518 1226; x_wconf 55' lang='lat' dir='ltr'><strong>ppppmpppuppppmbommen</strong></span> <span class='ocrx_word' id='word_1_56' title='bbox 578 1069 727 1162; x_wconf 83' lang='lat' dir='ltr'><strong>Jupprter</strong></span> <span class='ocrx_word' id='word_1_57' title='bbox 797 1090 816 1135; x_wconf 88' lang='lat' dir='ltr'><strong>c</strong></span> <span class='ocrx_word' id='word_1_58' title='bbox 844 1066 944 1137; x_wconf 83' lang='lat' dir='ltr'><strong>dabat</strong></span> <span class='ocrx_word' id='word_1_59' title='bbox 975 1088 1133 1157; x_wconf 81' lang='lat' dir='ltr'><strong>responsa</strong></span> <span class='ocrx_word' id='word_1_60' title='bbox 1161 1087 1223 1179; x_wconf 68' lang='lat' dir='ltr'><strong>per</strong></span> 
     </span>
    </p>
   </div>
   <div class='ocr_carea' id='block_1_5' title="bbox 247 1316 941 1397">
    <p class='ocr_par' dir='ltr' id='par_1_5' title="bbox 247 1316 941 1397">
     <span class='ocr_line' id='line_1_9' title="bbox 247 1316 941 1397; baseline 0.004 -3"><span class='ocrx_word' id='word_1_61' title='bbox 247 1354 249 1365; x_wconf 62' lang='lat'>¹</span> <span class='ocrx_word' id='word_1_62' title='bbox 351 1316 449 1395; x_wconf 83' lang='grc'><strong>228.</strong></span> <span class='ocrx_word' id='word_1_63' title='bbox 501 1320 653 1395; x_wconf 81' lang='lat' dir='ltr'><strong>Lacus</strong></span> <span class='ocrx_word' id='word_1_64' title='bbox 692 1318 941 1397; x_wconf 77' lang='lat' dir='ltr'><strong>Lucrinus.</strong></span> 
     </span>
    </p>
   </div>
   <div class='ocr_carea' id='block_1_6' title="bbox 6 1440 1271 2207">
    <p class='ocr_par' dir='ltr' id='par_1_6' title="bbox 29 1440 1228 1715">
     <span class='ocr_line' id='line_1_10' title="bbox 38 1440 1225 1541; baseline 0 -24"><span class='ocrx_word' id='word_1_65' title='bbox 38 1463 72 1510; x_wconf 88' lang='lat'><strong>1⁰</strong></span> <span class='ocrx_word' id='word_1_66' title='bbox 164 1449 201 1517; x_wconf 86' lang='lat' dir='ltr'><strong>in</strong></span> <span class='ocrx_word' id='word_1_67' title='bbox 232 1448 356 1541; x_wconf 84' lang='lat' dir='ltr'><strong>Bajuno</strong></span> <span class='ocrx_word' id='word_1_68' title='bbox 389 1444 463 1515; x_wconf 75' lang='lat' dir='ltr'><strong>sirio·</strong></span> <span class='ocrx_word' id='word_1_69' title='bbox 487 1460 600 1515; x_wconf 87' lang='lat' dir='ltr'><strong>contra</strong></span> <span class='ocrx_word' id='word_1_70' title='bbox 631 1440 789 1516; x_wconf 81' lang='lat' dir='ltr'><strong>ciuitatem</strong></span> <span class='ocrx_word' id='word_1_71' title='bbox 820 1449 1016 1538; x_wconf 82' lang='lat' dir='ltr'><strong>Campaniae</strong></span> <span class='ocrx_word' id='word_1_72' title='bbox 1037 1449 1135 1540; x_wconf 81' lang='lat' dir='ltr'><strong>Bajas</strong></span> <span class='ocrx_word' id='word_1_73' title='bbox 1157 1447 1225 1517; x_wconf 88' lang='lat' dir='ltr'><strong>duo</strong></span> 
     </span>
     <span class='ocr_line' id='line_1_11' title="bbox 29 1533 1227 1626; baseline -0.002 -20"><span class='ocrx_word' id='word_1_74' title='bbox 29 1536 33 1543; x_wconf 83' lang='grc'><strong>’</strong></span> <span class='ocrx_word' id='word_1_75' title='bbox 78 1546 153 1606; x_wconf 82' lang='lat' dir='ltr'><strong>sunt</strong></span> <span class='ocrx_word' id='word_1_76' title='bbox 179 1535 285 1615; x_wconf 79' lang='lat' dir='ltr'><strong>lacus,</strong></span> <span class='ocrx_word' id='word_1_77' title='bbox 314 1536 457 1605; x_wconf 80' lang='lat' dir='ltr'><strong>Avernus</strong></span> <span class='ocrx_word' id='word_1_78' title='bbox 488 1546 522 1603; x_wconf 90' lang='lat' dir='ltr'><strong>et</strong></span> <span class='ocrx_word' id='word_1_79' title='bbox 548 1534 727 1614; x_wconf 81' lang='lat' dir='ltr'><strong>Lucrinus,</strong></span> <span class='ocrx_word' id='word_1_80' title='bbox 761 1533 816 1622; x_wconf 90' lang='lat' dir='ltr'><strong>qni</strong></span> <span class='ocrx_word' id='word_1_81' title='bbox 844 1535 918 1607; x_wconf 88' lang='lat' dir='ltr'><strong>oiim</strong></span> <span class='ocrx_word' id='word_1_82' title='bbox 943 1542 1077 1626; x_wconf 84' lang='lat' dir='ltr'><strong>propter</strong></span> <span class='ocrx_word' id='word_1_83' title='bbox 1097 1537 1227 1625; x_wconf 82' lang='lat' dir='ltr'><strong>copiam</strong></span> 
     </span>
     <span class='ocr_line' id='line_1_12' title="bbox 79 1618 1228 1715; baseline 0 -27"><span class='ocrx_word' id='word_1_84' title='bbox 79 1621 214 1711; x_wconf 84' lang='lat' dir='ltr'><strong>piscium</strong></span> <span class='ocrx_word' id='word_1_85' title='bbox 243 1621 398 1688; x_wconf 83' lang='lat' dir='ltr'><strong>Romanis</strong></span> <span class='ocrx_word' id='word_1_86' title='bbox 426 1621 631 1715; x_wconf 83' lang='lat' dir='ltr'><strong>praestabant</strong></span> <span class='ocrx_word' id='word_1_87' title='bbox 658 1618 835 1706; x_wconf 84' lang='lat' dir='ltr'><strong>vectigalia.</strong></span> <span class='ocrx_word' id='word_1_88' title='bbox 878 1622 948 1691; x_wconf 82' lang='lat' dir='ltr'><strong>sed</strong></span> <span class='ocrx_word' id='word_1_89' title='bbox 967 1646 1066 1711; x_wconf 90' lang='lat' dir='ltr'><strong>quum</strong></span> <span class='ocrx_word' id='word_1_90' title='bbox 1087 1623 1228 1711; x_wconf 83' lang='lat' dir='ltr'><strong>pierum-</strong></span> 
     </span>
    </p>

    <p class='ocr_par' dir='ltr' id='par_1_7' title="bbox 6 1702 1271 2207">
     <span class='ocr_line' id='line_1_13' title="bbox 68 1702 1227 1794; baseline 0 -18"><span class='ocrx_word' id='word_1_91' title='bbox 68 1762 74 1776; x_wconf 81' lang='grc'><em>,</em></span> <span class='ocrx_word' id='word_1_92' title='bbox 103 1730 144 1774; x_wconf 90' lang='lat' dir='ltr'><strong>ue</strong></span> <span class='ocrx_word' id='word_1_93' title='bbox 172 1729 262 1776; x_wconf 88' lang='lat' dir='ltr'><strong>mare</strong></span> <span class='ocrx_word' id='word_1_94' title='bbox 289 1708 468 1793; x_wconf 77' lang='lat' dir='ltr'>irrumpens</span> <span class='ocrx_word' id='word_1_95' title='bbox 499 1706 604 1794; x_wconf 80' lang='lat' dir='ltr'><strong>pisces</strong></span> <span class='ocrx_word' id='word_1_96' title='bbox 625 1702 701 1770; x_wconf 85' lang='lat' dir='ltr'><strong>inde</strong></span> <span class='ocrx_word' id='word_1_97' title='bbox 727 1703 931 1787; x_wconf 72' lang='lat' dir='ltr'><strong>excuderet,</strong></span> <span class='ocrx_word' id='word_1_98' title='bbox 961 1721 995 1777; x_wconf 89' lang='lat' dir='ltr'><strong>et</strong></span> <span class='ocrx_word' id='word_1_99' title='bbox 1024 1707 1227 1778; x_wconf 79' lang='lat' dir='ltr'><strong>redemtores</strong></span> 
     </span>
     <span class='ocr_line' id='line_1_14' title="bbox 6 1732 1229 1943; baseline 0.002 -84"><span class='ocrx_word' id='word_1_100' title='bbox 6 1856 22 1885; x_wconf 27' lang='grc' dir='ltr'><strong>Ι,</strong></span> <span class='ocrx_word' id='word_1_101' title='bbox 79 1732 199 1859; x_wconf 77' lang='lat' dir='ltr'><strong>damna</strong></span> <span class='ocrx_word' id='word_1_102' title='bbox 219 1803 423 1882; x_wconf 86' lang='lat' dir='ltr'><strong>paterentur,</strong></span> <span class='ocrx_word' id='word_1_103' title='bbox 451 1791 709 1943; x_wconf 75' lang='lat' dir='ltr'><strong>supplicaverunt</strong></span> <span class='ocrx_word' id='word_1_104' title='bbox 736 1793 870 1861; x_wconf 88' lang='lat' dir='ltr'><strong>senatui.</strong></span> <span class='ocrx_word' id='word_1_105' title='bbox 912 1793 958 1862; x_wconf 85' lang='lat' dir='ltr'><strong>Et</strong></span> <span class='ocrx_word' id='word_1_106' title='bbox 975 1795 1147 1898; x_wconf 80' lang='lat' dir='ltr'><strong>profectus</strong></span> <span class='ocrx_word' id='word_1_107' title='bbox 1168 1790 1229 1861; x_wconf 87' lang='lat' dir='ltr'><strong>Ju-</strong></span> 
     </span>
     <span class='ocr_line' id='line_1_15' title="bbox 42 1875 1228 1968; baseline 0.001 -23"><span class='ocrx_word' id='word_1_108' title='bbox 42 1879 142 1946; x_wconf 76' lang='lat' dir='ltr'><strong>mnus</strong></span> <span class='ocrx_word' id='word_1_109' title='bbox 165 1881 289 1945; x_wconf 86' lang='lat' dir='ltr'><strong>Caesar</strong></span> <span class='ocrx_word' id='word_1_110' title='bbox 308 1877 412 1944; x_wconf 86' lang='lat' dir='ltr'><strong>ductis</strong></span> <span class='ocrx_word' id='word_1_111' title='bbox 435 1877 513 1943; x_wconf 86' lang='lat' dir='ltr'><strong>brac</strong></span> <span class='ocrx_word' id='word_1_112' title='bbox 535 1877 572 1944; x_wconf 90' lang='lat' dir='ltr'><strong>iis</strong></span> <span class='ocrx_word' id='word_1_113' title='bbox 595 1875 730 1945; x_wconf 80' lang='lat' dir='ltr'><strong>exclusit</strong></span> <span class='ocrx_word' id='word_1_114' title='bbox 752 1890 877 1966; x_wconf 84' lang='lat' dir='ltr'><strong>partem</strong></span> <span class='ocrx_word' id='word_1_115' title='bbox 905 1902 1019 1962; x_wconf 82' lang='lat' dir='ltr'><strong>mans,</strong></span> <span class='ocrx_word' id='word_1_116' title='bbox 1054 1903 1151 1968; x_wconf 90' lang='lat' dir='ltr'><strong>quam</strong></span> <span class='ocrx_word' id='word_1_117' title='bbox 1179 1881 1228 1946; x_wconf 91' lang='lat' dir='ltr'><strong>in-</strong></span> 
     </span>
     <span class='ocr_line' id='line_1_16' title="bbox 85 1962 1230 2054; baseline 0.001 -22"><span class='ocrx_word' id='word_1_118' title='bbox 85 1967 198 2033; x_wconf 82' lang='lat' dir='ltr'><strong>festam</strong></span> <span class='ocrx_word' id='word_1_119' title='bbox 215 1973 415 2052; x_wconf 81' lang='lat' dir='ltr'><strong>compererat</strong></span> <span class='ocrx_word' id='word_1_120' title='bbox 429 1964 510 2044; x_wconf 84' lang='lat' dir='ltr'><strong>esse,</strong></span> <span class='ocrx_word' id='word_1_121' title='bbox 531 1962 683 2051; x_wconf 75' lang='lat' dir='ltr'><strong>liquitque</strong></span> <span class='ocrx_word' id='word_1_122' title='bbox 703 1965 800 2038; x_wconf 76' lang='lat' dir='ltr'><strong>breve</strong></span> <span class='ocrx_word' id='word_1_123' title='bbox 821 1965 959 2053; x_wconf 86' lang='lat' dir='ltr'><strong>spatium</strong></span> <span class='ocrx_word' id='word_1_124' title='bbox 980 1988 1041 2054; x_wconf 94' lang='lat' dir='ltr'><strong>per</strong></span> <span class='ocrx_word' id='word_1_125' title='bbox 1057 1972 1230 2047; x_wconf 83' lang='lat' dir='ltr'><strong>Avernum,</strong></span> 
     </span>
     <span class='ocr_line' id='line_1_17' title="bbox 83 2047 1260 2146; baseline 0.008 -32"><span class='ocrx_word' id='word_1_126' title='bbox 83 2074 147 2138; x_wconf 82' lang='lat' dir='ltr'><strong>quo</strong></span> <span class='ocrx_word' id='word_1_127' title='bbox 171 2052 303 2140; x_wconf 85' lang='lat' dir='ltr'><strong>piscium</strong></span> <span class='ocrx_word' id='word_1_128' title='bbox 322 2050 414 2140; x_wconf 86' lang='lat' dir='ltr'><strong>copia</strong></span> <span class='ocrx_word' id='word_1_129' title='bbox 434 2049 553 2118; x_wconf 85' lang='lat' dir='ltr'><strong>intrare</strong></span> <span class='ocrx_word' id='word_1_130' title='bbox 575 2059 694 2139; x_wconf 80' lang='lat' dir='ltr'><strong>posset</strong></span> <span class='ocrx_word' id='word_1_131' title='bbox 726 2047 825 2129; x_wconf 85' lang='lat' dir='ltr'><strong>Quod</strong></span> <span class='ocrx_word' id='word_1_132' title='bbox 845 2073 928 2140; x_wconf 85' lang='lat' dir='ltr'><strong>opus</strong></span> <span class='ocrx_word' id='word_1_133' title='bbox 949 2051 1229 2146; x_wconf 25' lang='lat' dir='ltr'><strong>Iulium-dictum</strong></span> <span class='ocrx_word' id='word_1_134' title='bbox 1255 2076 1260 2083; x_wconf 88' lang='lat'><strong>·</strong></span> 
     </span>
     <span class='ocr_line' id='line_1_18' title="bbox 30 2145 1271 2207; baseline 0.002 -5"><span class='ocrx_word' id='word_1_135' title='bbox 30 2145 34 2149; x_wconf 81' lang='grc'><strong>’</strong></span> <span class='ocrx_word' id='word_1_136' title='bbox 87 2147 156 2207; x_wconf 65' lang='grc' dir='ltr'><strong>θεῖ,4</strong></span> <span class='ocrx_word' id='word_1_137' title='bbox 935 2154 938 2159; x_wconf 75' lang='grc'>’</span> <span class='ocrx_word' id='word_1_138' title='bbox 1269 2168 1271 2173; x_wconf 96' lang='grc'><strong><em>·</em></strong></span> 
     </span>
    </p>
   </div>
   <div class='ocr_carea' id='block_1_7' title="bbox 306 2273 1048 2362">
    <p class='ocr_par' dir='ltr' id='par_1_8' title="bbox 306 2273 1048 2362">
     <span class='ocr_line' id='line_1_19' title="bbox 306 2273 1048 2362; baseline 0.007 -6"><span class='ocrx_word' id='word_1_139' title='bbox 306 2278 410 2356; x_wconf 82' lang='grc'><strong>229.</strong></span> <span class='ocrx_word' id='word_1_140' title='bbox 458 2282 620 2358; x_wconf 70' lang='lat' dir='ltr'><strong>Venus</strong></span> <span class='ocrx_word' id='word_1_141' title='bbox 654 2296 702 2360; x_wconf 87' lang='lat' dir='ltr'><strong>et·</strong></span> <span class='ocrx_word' id='word_1_142' title='bbox 730 2285 1006 2362; x_wconf 59' lang='lat' dir='ltr'><strong>Diomedes.²</strong></span> <span class='ocrx_word' id='word_1_143' title='bbox 1043 2273 1048 2278; x_wconf 33' lang='lat'><em>⁸</em></span> 
     </span>
    </p>
   </div>
   <div class='ocr_carea' id='block_1_8' title="bbox 19 2408 1260 3016">
    <p class='ocr_par' dir='ltr' id='par_1_9' title="bbox 19 2408 1260 2504">
     <span class='ocr_line' id='line_1_20' title="bbox 19 2408 1260 2504; baseline 0.009 -28"><span class='ocrx_word' id='word_1_144' title='bbox 19 2411 79 2467; x_wconf 69' lang='lat'><strong>‘2⁰</strong></span> <span class='ocrx_word' id='word_1_145' title='bbox 171 2414 278 2486; x_wconf 82' lang='lat' dir='ltr'><strong>Quum</strong></span> <span class='ocrx_word' id='word_1_146' title='bbox 308 2420 416 2477; x_wconf 90' lang='lat' dir='ltr'><strong>essent</strong></span> <span class='ocrx_word' id='word_1_147' title='bbox 442 2410 563 2476; x_wconf 85' lang='lat' dir='ltr'><strong>Graeci</strong></span> <span class='ocrx_word' id='word_1_148' title='bbox 592 2411 624 2477; x_wconf 91' lang='lat' dir='ltr'><strong>in</strong></span> <span class='ocrx_word' id='word_1_149' title='bbox 648 2409 815 2477; x_wconf 85' lang='lat' dir='ltr'><strong>obsidione</strong></span> <span class='ocrx_word' id='word_1_150' title='bbox 836 2410 973 2500; x_wconf 80' lang='lat' dir='ltr'><strong>Trojae‚</strong></span> <span class='ocrx_word' id='word_1_151' title='bbox 1007 2415 1161 2504; x_wconf 81' lang='lat' dir='ltr'><strong>contigit,</strong></span> <span class='ocrx_word' id='word_1_152' title='bbox 1196 2408 1260 2489; x_wconf 85' lang='lat' dir='ltr'><strong>ut&#39;</strong></span> 
     </span>
    </p>

    <p class='ocr_par' dir='ltr' id='par_1_10' title="bbox 87 2496 1232 2648">
     <span class='ocr_line' id='line_1_21' title="bbox 87 2496 1232 2648; baseline 0.003 -81"><span class='ocrx_word' id='word_1_153' title='bbox 87 2500 180 2567; x_wconf 86' lang='lat' dir='ltr'><strong>fieret</strong></span> <span class='ocrx_word' id='word_1_154' title='bbox 199 2516 309 2648; x_wconf 69' lang='lat' dir='ltr'><strong>puglpa</strong></span> <span class='ocrx_word' id='word_1_155' title='bbox 330 2498 412 2562; x_wconf 86' lang='lat' dir='ltr'><strong>inter</strong></span> <span class='ocrx_word' id='word_1_156' title='bbox 432 2496 623 2567; x_wconf 84' lang='lat' dir='ltr'><strong>Diomedem</strong></span> <span class='ocrx_word' id='word_1_157' title='bbox 644 2507 856 2583; x_wconf 33' lang='lat' dir='ltr'><strong>et1Aeneam3</strong></span> <span class='ocrx_word' id='word_1_158' title='bbox 878 2522 1040 2588; x_wconf 84' lang='lat' dir='ltr'><strong>quumque</strong></span> <span class='ocrx_word' id='word_1_159' title='bbox 1061 2503 1117 2568; x_wconf 91' lang='lat' dir='ltr'><strong>diu</strong></span> <span class='ocrx_word' id='word_1_160' title='bbox 1139 2503 1232 2570; x_wconf 76' lang='lat' dir='ltr'><strong>dimi·</strong></span> 
     </span>
    </p>

    <p class='ocr_par' dir='ltr' id='par_1_11' title="bbox 88 2580 1254 2841">
     <span class='ocr_line' id='line_1_22' title="bbox 88 2580 1233 2677; baseline 0.003 -25"><span class='ocrx_word' id='word_1_161' title='bbox 88 2590 230 2662; x_wconf 71' lang='lat' dir='ltr'><strong>cassent,</strong></span> <span class='ocrx_word' id='word_1_162' title='bbox 290 2580 432 2649; x_wconf 81' lang='lat' dir='ltr'><strong>iomedes</strong></span> <span class='ocrx_word' id='word_1_163' title='bbox 453 2583 593 2651; x_wconf 81' lang='lat' dir='ltr'><strong>Aeneam</strong></span> <span class='ocrx_word' id='word_1_164' title='bbox 613 2584 773 2672; x_wconf 85' lang='lat' dir='ltr'><strong>percussit</strong></span> <span class='ocrx_word' id='word_1_165' title='bbox 792 2583 915 2671; x_wconf 83' lang='lat' dir='ltr'><strong>ingenti</strong></span> <span class='ocrx_word' id='word_1_166' title='bbox 936 2609 1013 2653; x_wconf 88' lang='lat' dir='ltr'><strong>saxo</strong></span> <span class='ocrx_word' id='word_1_167' title='bbox 1037 2600 1070 2654; x_wconf 93' lang='lat' dir='ltr'><strong>et</strong></span> <span class='ocrx_word' id='word_1_168' title='bbox 1090 2602 1233 2677; x_wconf 86' lang='lat' dir='ltr'><strong>prostra-</strong></span> 
     </span>
     <span class='ocr_line' id='line_1_23' title="bbox 89 2666 1254 2765; baseline 0.008 -31"><span class='ocrx_word' id='word_1_169' title='bbox 89 2673 139 2737; x_wconf 84' lang='lat' dir='ltr'><strong>vit.</strong></span> <span class='ocrx_word' id='word_1_170' title='bbox 183 2667 280 2744; x_wconf 85' lang='lat' dir='ltr'><strong>Quod</strong></span> <span class='ocrx_word' id='word_1_171' title='bbox 312 2667 420 2734; x_wconf 88' lang='lat' dir='ltr'><strong>videns</strong></span> <span class='ocrx_word' id='word_1_172' title='bbox 449 2666 580 2750; x_wconf 82' lang='lat' dir='ltr'><strong>Venus,</strong></span> <span class='ocrx_word' id='word_1_173' title='bbox 611 2681 714 2737; x_wconf 88' lang='lat' dir='ltr'><strong>mater</strong></span> <span class='ocrx_word' id='word_1_174' title='bbox 734 2668 820 2758; x_wconf 78' lang='lat' dir='ltr'><strong>ejus,</strong></span> <span class='ocrx_word' id='word_1_175' title='bbox 848 2672 934 2734; x_wconf 89' lang='lat' dir='ltr'><strong>nube</strong></span> <span class='ocrx_word' id='word_1_176' title='bbox 959 2672 1254 2765; x_wconf 73' lang='lat' dir='ltr'><strong>ips&#39;um.protexit.,</strong></span> 
     </span>
     <span class='ocr_line' id='line_1_24' title="bbox 89 2753 1234 2841; baseline 0.004 -20"><span class='ocrx_word' id='word_1_177' title='bbox 89 2756 145 2822; x_wconf 84' lang='lat' dir='ltr'><strong>lile</strong></span> <span class='ocrx_word' id='word_1_178' title='bbox 174 2777 249 2822; x_wconf 90' lang='lat' dir='ltr'><strong>vero</strong></span> <span class='ocrx_word' id='word_1_179' title='bbox 277 2756 456 2840; x_wconf 82' lang='lat' dir='ltr'><strong>irrumpens</strong></span> <span class='ocrx_word' id='word_1_180' title='bbox 483 2754 517 2822; x_wconf 88' lang='lat' dir='ltr'><strong>in</strong></span> <span class='ocrx_word' id='word_1_181' title='bbox 545 2753 681 2841; x_wconf 86' lang='lat' dir='ltr'><strong>nubem,</strong></span> <span class='ocrx_word' id='word_1_182' title='bbox 714 2753 874 2822; x_wconf 89' lang='lat' dir='ltr'><strong>Venerem</strong></span> <span class='ocrx_word' id='word_1_183' title='bbox 899 2754 1082 2825; x_wconf 79' lang='lat' dir='ltr'><strong>vulneravit.</strong></span> <span class='ocrx_word' id='word_1_184' title='bbox 1107 2770 1113 2795; x_wconf 82' lang='lat'><em>¹</em></span> <span class='ocrx_word' id='word_1_185' title='bbox 1135 2761 1234 2828; x_wconf 90' lang='lat' dir='ltr'><strong>Unde</strong></span> 
     </span>
    </p>

    <p class='ocr_par' dir='ltr' id='par_1_12' title="bbox 47 2836 1260 3016">
     <span class='ocr_line' id='line_1_25' title="bbox 47 2836 1260 2994; baseline 0.008 -87"><span class='ocrx_word' id='word_1_186' title='bbox 47 2843 158 2994; x_wconf 69' lang='lat' dir='ltr'><strong>abipsa</strong></span> <span class='ocrx_word' id='word_1_187' title='bbox 187 2852 259 2929; x_wconf 91' lang='lat' dir='ltr'><strong>post</strong></span> <span class='ocrx_word' id='word_1_188' title='bbox 288 2838 410 2929; x_wconf 79' lang='lat' dir='ltr'><strong>&#39;l&#39;rojae</strong></span> <span class='ocrx_word' id='word_1_189' title='bbox 439 2836 676 2907; x_wconf 85' lang='lat' dir='ltr'><strong>destructuram</strong></span> <span class='ocrx_word' id='word_1_190' title='bbox 703 2843 787 2931; x_wconf 84' lang='lat' dir='ltr'><strong>eum&#39;</strong></span> <span class='ocrx_word' id='word_1_191' title='bbox 801 2863 874 2911; x_wconf 84' lang='lat' dir='ltr'><strong>oum</strong></span> <span class='ocrx_word' id='word_1_192' title='bbox 895 2841 960 2911; x_wconf 83' lang='lat' dir='ltr'><strong>suis</strong></span> <span class='ocrx_word' id='word_1_193' title='bbox 981 2845 1077 2916; x_wconf 84' lang='lat' dir='ltr'><strong>sociis</strong></span> <span class='ocrx_word' id='word_1_194' title='bbox 1100 2845 1133 2915; x_wconf 89' lang='lat' dir='ltr'><strong>in</strong></span> <span class='ocrx_word' id='word_1_195' title='bbox 1157 2849 1260 2917; x_wconf 86' lang='lat' dir='ltr'><strong>mari·</strong></span> 
     </span>
     <span class='ocr_line' id='line_1_26' title="bbox 106 2923 714 3016; baseline -0.008 -19"><span class='ocrx_word' id='word_1_196' title='bbox 106 2927 255 3016; x_wconf 63' lang='lat' dir='ltr'><strong>stipavit,</strong></span> <span class='ocrx_word' id='word_1_197' title='bbox 284 2935 317 2998; x_wconf 87' lang='lat' dir='ltr'><strong>et</strong></span> <span class='ocrx_word' id='word_1_198' title='bbox 338 2923 443 2993; x_wconf 79' lang='lat' dir='ltr'><strong>socios</strong></span> <span class='ocrx_word' id='word_1_199' title='bbox 462 2924 608 2996; x_wconf 80' lang='lat' dir='ltr'><strong>sortitio</strong></span> <span class='ocrx_word' id='word_1_200' title='bbox 630 2946 714 2996; x_wconf 83' lang='lat' dir='ltr'><strong>aves.</strong></span> 
     </span>
    </p>
   </div>
   <div class='ocr_carea' id='block_1_9' title="bbox 409 3109 916 3219">
    <p class='ocr_par' dir='ltr' id='par_1_13' title="bbox 409 3109 916 3219">
     <span class='ocr_line' id='line_1_27' title="bbox 409 3109 916 3219; baseline 0.002 -32"><span class='ocrx_word' id='word_1_201' title='bbox 409 3178 412 3187; x_wconf 93' lang='lat'>.</span> <span class='ocrx_word' id='word_1_202' title='bbox 461 3109 559 3191; x_wconf 76' lang='grc'><strong>250.</strong></span> <span class='ocrx_word' id='word_1_203' title='bbox 613 3111 857 3215; x_wconf 75' lang='lat' dir='ltr'><strong>Oedipus.</strong></span> <span class='ocrx_word' id='word_1_204' title='bbox 913 3212 916 3219; x_wconf 14' lang='grc' dir='ltr'><strong>Α</strong></span> 
     </span>
    </p>
   </div>
   <div class='ocr_carea' id='block_1_10' title="bbox 40 3238 1271 4364">
    <p class='ocr_par' dir='ltr' id='par_1_14' title="bbox 180 3238 1237 3331">
     <span class='ocr_line' id='line_1_28' title="bbox 180 3238 1237 3331; baseline 0 -24"><span class='ocrx_word' id='word_1_205' title='bbox 180 3241 296 3331; x_wconf 78' lang='lat' dir='ltr'><strong>bajus,</strong></span> <span class='ocrx_word' id='word_1_206' title='bbox 318 3255 376 3309; x_wconf 84' lang='lat' dir='ltr'><strong>rex</strong></span> <span class='ocrx_word' id='word_1_207' title='bbox 396 3239 602 3321; x_wconf 73' lang='lat' dir='ltr'><strong>Thebarum,</strong></span> <span class='ocrx_word' id='word_1_208' title='bbox 622 3240 734 3314; x_wconf 85' lang='lat' dir='ltr'><strong>habuit</strong></span> <span class='ocrx_word' id='word_1_209' title='bbox 754 3264 897 3320; x_wconf 84' lang='lat' dir='ltr'><strong>uxorem,</strong></span> <span class='ocrx_word' id='word_1_210' title='bbox 920 3239 1046 3307; x_wconf 90' lang='lat' dir='ltr'><strong>nomine</strong></span> <span class='ocrx_word' id='word_1_211' title='bbox 1063 3238 1237 3321; x_wconf 72' lang='lat' dir='ltr'><strong>locustam,</strong></span> 
     </span>
    </p>

    <p class='ocr_par' dir='ltr' id='par_1_15' title="bbox 55 3327 1271 3589">
     <span class='ocr_line' id='line_1_29' title="bbox 98 3327 1238 3417; baseline 0 -21"><span class='ocrx_word' id='word_1_212' title='bbox 98 3328 150 3396; x_wconf 86' lang='lat' dir='ltr'><strong>cui</strong></span> <span class='ocrx_word' id='word_1_213' title='bbox 173 3327 355 3417; x_wconf 82' lang='lat' dir='ltr'><strong>praecepit,</strong></span> <span class='ocrx_word' id='word_1_214' title='bbox 376 3336 421 3403; x_wconf 79' lang='lat' dir='ltr'><strong>,ut</strong></span> <span class='ocrx_word' id='word_1_215' title='bbox 448 3349 558 3397; x_wconf 87' lang='lat' dir='ltr'><strong>omnes</strong></span> <span class='ocrx_word' id='word_1_216' title='bbox 582 3327 662 3397; x_wconf 89' lang='lat' dir='ltr'><strong>filios</strong></span> <span class='ocrx_word' id='word_1_217' title='bbox 692 3350 732 3395; x_wconf 91' lang='lat' dir='ltr'><strong>ex</strong></span> <span class='ocrx_word' id='word_1_218' title='bbox 756 3351 792 3394; x_wconf 91' lang='lat' dir='ltr'><strong>se</strong></span> <span class='ocrx_word' id='word_1_219' title='bbox 812 3328 941 3417; x_wconf 84' lang='lat' dir='ltr'><strong>genitos·</strong></span> <span class='ocrx_word' id='word_1_220' title='bbox 970 3340 1109 3395; x_wconf 86' lang='lat' dir='ltr'><strong>necaret</strong></span> <span class='ocrx_word' id='word_1_221' title='bbox 1154 3328 1238 3397; x_wconf 90' lang='lat' dir='ltr'><strong>Nam</strong></span> 
     </span>
     <span class='ocr_line' id='line_1_30' title="bbox 55 3411 1239 3503; baseline -0.002 -21"><span class='ocrx_word' id='word_1_222' title='bbox 55 3436 91 3487; x_wconf 78' lang='lat' dir='ltr'><strong>au</strong></span> <span class='ocrx_word' id='word_1_223' title='bbox 99 3412 261 3490; x_wconf 80' lang='lat' dir='ltr'><strong>audierat,</strong></span> <span class='ocrx_word' id='word_1_224' title='bbox 282 3412 423 3481; x_wconf 82' lang='lat' dir='ltr'><strong>aliberis</strong></span> <span class='ocrx_word' id='word_1_225' title='bbox 445 3412 509 3481; x_wconf 89' lang='lat' dir='ltr'><strong>suis</strong></span> <span class='ocrx_word' id='word_1_226' title='bbox 531 3437 568 3481; x_wconf 86' lang='lat' dir='ltr'><strong>se</strong></span> <span class='ocrx_word' id='word_1_227' title='bbox 590 3411 811 3480; x_wconf 83' lang='lat' dir='ltr'><strong>occidendum.</strong></span> <span class='ocrx_word' id='word_1_228' title='bbox 852 3412 910 3484; x_wconf 83' lang='lat' dir='ltr'><strong>Ilia</strong></span> <span class='ocrx_word' id='word_1_229' title='bbox 933 3413 1075 3503; x_wconf 75' lang='lat' dir='ltr'><strong>pariens,</strong></span> <span class='ocrx_word' id='word_1_230' title='bbox 1102 3434 1239 3501; x_wconf 89' lang='lat' dir='ltr'><strong>puerum</strong></span> 
     </span>
     <span class='ocr_line' id='line_1_31' title="bbox 123 3491 1271 3589; baseline 0 -23"><span class='ocrx_word' id='word_1_231' title='bbox 123 3501 212 3567; x_wconf 88' lang='lat' dir='ltr'><strong>iantis</strong></span> <span class='ocrx_word' id='word_1_232' title='bbox 240 3498 435 3588; x_wconf 74' lang='lat' dir='ltr'><strong>periuratum</strong></span> <span class='ocrx_word' id='word_1_233' title='bbox 463 3499 495 3565; x_wconf 91' lang='lat' dir='ltr'><strong>iu</strong></span> <span class='ocrx_word' id='word_1_234' title='bbox 523 3500 630 3570; x_wconf 84' lang='lat' dir='ltr'><strong>silvam</strong></span> <span class='ocrx_word' id='word_1_235' title='bbox 661 3498 779 3567; x_wconf 73' lang='lat' dir='ltr'><strong>deferri</strong></span> <span class='ocrx_word' id='word_1_236' title='bbox 804 3499 908 3588; x_wconf 87' lang='lat' dir='ltr'><strong>jussit.</strong></span> <span class='ocrx_word' id='word_1_237' title='bbox 948 3498 987 3564; x_wconf 82' lang='lat' dir='ltr'><strong>In</strong></span> <span class='ocrx_word' id='word_1_238' title='bbox 1018 3491 1131 3564; x_wconf 86' lang='lat' dir='ltr'><strong>eadem</strong></span> <span class='ocrx_word' id='word_1_239' title='bbox 1163 3500 1239 3566; x_wconf 83' lang='lat' dir='ltr'><strong>siim</strong></span> <span class='ocrx_word' id='word_1_240' title='bbox 1258 3562 1271 3589; x_wconf 48' lang='lat'><strong>¹,</strong></span> 
     </span>
    </p>

    <p class='ocr_par' dir='ltr' id='par_1_16' title="bbox 40 3526 1271 4364">
     <span class='ocr_line' id='line_1_32' title="bbox 40 3526 1253 3673; baseline -0.001 -21"><span class='ocrx_word' id='word_1_241' title='bbox 40 3624 43 3629; x_wconf 95' lang='lat'>·</span> <span class='ocrx_word' id='word_1_242' title='bbox 98 3526 261 3673; x_wconf 70' lang='lat' dir='ltr'><strong>i&#39;olybus,</strong></span> <span class='ocrx_word' id='word_1_243' title='bbox 283 3609 340 3652; x_wconf 85' lang='lat' dir='ltr'><strong>rex</strong></span> <span class='ocrx_word' id='word_1_244' title='bbox 361 3585 533 3665; x_wconf 87' lang='lat' dir='ltr'><strong>Phocidis,</strong></span> <span class='ocrx_word' id='word_1_245' title='bbox 556 3585 722 3653; x_wconf 77' lang='lat' dir='ltr'><strong>venatione</strong></span> <span class='ocrx_word' id='word_1_246' title='bbox 744 3598 813 3653; x_wconf 84' lang='lat' dir='ltr'><strong>erut</strong></span> <span class='ocrx_word' id='word_1_247' title='bbox 834 3597 1020 3671; x_wconf 82' lang='lat' dir='ltr'><strong>occupatus,</strong></span> <span class='ocrx_word' id='word_1_248' title='bbox 1043 3598 1077 3652; x_wconf 86' lang='lat' dir='ltr'><strong>et</strong></span> <span class='ocrx_word' id='word_1_249' title='bbox 1095 3587 1253 3670; x_wconf 79' lang='lat' dir='ltr'><strong>vagitum·</strong></span> 
     </span>
     <span class='ocr_line' id='line_1_33' title="bbox 100 3671 1271 3765; baseline -0.005 -28"><span class='ocrx_word' id='word_1_250' title='bbox 100 3675 190 3765; x_wconf 87' lang='lat' dir='ltr'><strong>pueri</strong></span> <span class='ocrx_word' id='word_1_251' title='bbox 217 3671 366 3752; x_wconf 81' lang='lat' dir='ltr'><strong>audiens,</strong></span> <span class='ocrx_word' id='word_1_252' title='bbox 395 3694 468 3737; x_wconf 91' lang='lat' dir='ltr'><strong>eum</strong></span> <span class='ocrx_word' id='word_1_253' title='bbox 495 3672 602 3739; x_wconf 83' lang='lat' dir='ltr'><strong>afferri</strong></span> <span class='ocrx_word' id='word_1_254' title='bbox 623 3671 762 3762; x_wconf 82' lang='lat' dir='ltr'><strong>jubens,</strong></span> <span class='ocrx_word' id='word_1_255' title='bbox 790 3682 953 3759; x_wconf 88' lang='lat' dir='ltr'><strong>tamquam</strong></span> <span class='ocrx_word' id='word_1_256' title='bbox 984 3692 1076 3736; x_wconf 88' lang='lat' dir='ltr'><strong>suum</strong></span> <span class='ocrx_word' id='word_1_257' title='bbox 1100 3673 1242 3759; x_wconf 76' lang='lat' dir='ltr'><strong>nutrivit,¹</strong></span> <span class='ocrx_word' id='word_1_258' title='bbox 1265 3704 1271 3731; x_wconf 63' lang='lat' dir='ltr'><strong>a</strong></span> 
     </span>
     <span class='ocr_line' id='line_1_34' title="bbox 102 3755 1271 3847; baseline 0.001 -25"><span class='ocrx_word' id='word_1_259' title='bbox 102 3755 328 3847; x_wconf 82' lang='lat' dir='ltr'><strong>Oedipumque</strong></span> <span class='ocrx_word' id='word_1_260' title='bbox 361 3758 492 3825; x_wconf 80' lang='lat' dir='ltr'><strong>vocavit.</strong></span> <span class='ocrx_word' id='word_1_261' title='bbox 550 3758 614 3827; x_wconf 79' lang='lat' dir='ltr'><strong>uui</strong></span> <span class='ocrx_word' id='word_1_262' title='bbox 646 3756 721 3825; x_wconf 92' lang='lat' dir='ltr'><strong>dum</strong></span> <span class='ocrx_word' id='word_1_263' title='bbox 753 3759 1000 3847; x_wconf 86' lang='lat' dir='ltr'><strong>improperatum</strong></span> <span class='ocrx_word' id='word_1_264' title='bbox 1035 3757 1167 3829; x_wconf 81' lang='lat' dir='ltr'><strong>fuisset,</strong></span> <span class='ocrx_word' id='word_1_265' title='bbox 1204 3766 1271 3823; x_wconf 81' lang='lat' dir='ltr'><strong>se.&#39;&#39;=</strong></span> 
     </span>
     <span class='ocr_line' id='line_1_35' title="bbox 59 3841 1271 3948; baseline 0.002 -41"><span class='ocrx_word' id='word_1_266' title='bbox 59 3866 206 3931; x_wconf 71' lang='lat' dir='ltr'><strong>35genus</strong></span> <span class='ocrx_word' id='word_1_267' title='bbox 228 3870 320 3919; x_wconf 86' lang='lat' dir='ltr'><strong>soum</strong></span> <span class='ocrx_word' id='word_1_268' title='bbox 341 3846 508 3948; x_wconf 69' lang='lat' dir='ltr'><strong>ignorare,</strong></span> <span class='ocrx_word' id='word_1_269' title='bbox 529 3843 583 3911; x_wconf 80' lang='lat' dir='ltr'><strong>ivit</strong></span> <span class='ocrx_word' id='word_1_270' title='bbox 603 3841 645 3910; x_wconf 90' lang='lat' dir='ltr'><strong>ad</strong></span> <span class='ocrx_word' id='word_1_271' title='bbox 667 3843 835 3930; x_wconf 80' lang='lat' dir='ltr'><strong>templum,</strong></span> <span class='ocrx_word' id='word_1_272' title='bbox 858 3854 893 3910; x_wconf 89' lang='lat' dir='ltr'><strong>ut</strong></span> <span class='ocrx_word' id='word_1_273' title='bbox 915 3854 1093 3931; x_wconf 76' lang='lat' dir='ltr'><strong>quaereret.</strong></span> <span class='ocrx_word' id='word_1_274' title='bbox 1137 3843 1271 3935; x_wconf 52' lang='lat' dir='ltr'><strong>Dum-“J</strong></span> 
     </span>
     <span class='ocr_line' id='line_1_36' title="bbox 103 3928 1270 4018; baseline 0.001 -25"><span class='ocrx_word' id='word_1_275' title='bbox 103 3952 166 4016; x_wconf 88' lang='lat' dir='ltr'><strong>que</strong></span> <span class='ocrx_word' id='word_1_276' title='bbox 186 3932 264 4013; x_wconf 73' lang='lat' dir='ltr'><strong>iret,</strong></span> <span class='ocrx_word' id='word_1_277' title='bbox 292 3932 428 4002; x_wconf 76' lang='lat' dir='ltr'><strong>obviavit</strong></span> <span class='ocrx_word' id='word_1_278' title='bbox 446 3930 488 3996; x_wconf 87' lang='lat' dir='ltr'><strong>iiii</strong></span> <span class='ocrx_word' id='word_1_279' title='bbox 510 3943 604 4018; x_wconf 77' lang='lat' dir='ltr'><strong>poter</strong></span> <span class='ocrx_word' id='word_1_280' title='bbox 625 3928 789 4018; x_wconf 85' lang='lat' dir='ltr'><strong>decrepita</strong></span> <span class='ocrx_word' id='word_1_281' title='bbox 807 3942 921 3996; x_wconf 85' lang='lat' dir='ltr'><strong>aetate.</strong></span> <span class='ocrx_word' id='word_1_282' title='bbox 965 3929 1070 4003; x_wconf 83' lang='lat' dir='ltr'><strong>Quem</strong></span> <span class='ocrx_word' id='word_1_283' title='bbox 1096 3937 1132 3995; x_wconf 90' lang='lat' dir='ltr'><strong>ut</strong></span> <span class='ocrx_word' id='word_1_284' title='bbox 1153 3928 1241 4009; x_wconf 80' lang='lat' dir='ltr'><strong>vidit,</strong></span> <span class='ocrx_word' id='word_1_285' title='bbox 1254 3974 1270 3987; x_wconf 93' lang='lat'><strong>.-</strong></span> 
     </span>
     <span class='ocr_line' id='line_1_37' title="bbox 102 4013 1242 4108; baseline 0.001 -28"><span class='ocrx_word' id='word_1_286' title='bbox 102 4017 255 4102; x_wconf 79' lang='lat' dir='ltr'><strong>ignorrms</strong></span> <span class='ocrx_word' id='word_1_287' title='bbox 292 4042 363 4087; x_wconf 87' lang='lat' dir='ltr'><strong>esse</strong></span> <span class='ocrx_word' id='word_1_288' title='bbox 395 4029 536 4108; x_wconf 82' lang='lat' dir='ltr'><strong>patrem,</strong></span> <span class='ocrx_word' id='word_1_289' title='bbox 568 4013 703 4095; x_wconf 81' lang='lat' dir='ltr'><strong>occidit,</strong></span> <span class='ocrx_word' id='word_1_290' title='bbox 745 4027 778 4082; x_wconf 90' lang='lat' dir='ltr'><strong>et</strong></span> <span class='ocrx_word' id='word_1_291' title='bbox 810 4036 912 4101; x_wconf 77' lang='lat' dir='ltr'><strong>regno</strong></span> <span class='ocrx_word' id='word_1_292' title='bbox 934 4016 1127 4100; x_wconf 82' lang='lat' dir='ltr'><strong>ceterisque</strong></span> <span class='ocrx_word' id='word_1_293' title='bbox 1151 4013 1242 4081; x_wconf 74' lang='lat' dir='ltr'><strong>bonis</strong></span> 
     </span>
     <span class='ocr_line' id='line_1_38' title="bbox 103 4099 1271 4192; baseline -0.001 -24"><span class='ocrx_word' id='word_1_294' title='bbox 103 4125 181 4169; x_wconf 90' lang='lat' dir='ltr'><strong>usus</strong></span> <span class='ocrx_word' id='word_1_295' title='bbox 212 4114 269 4169; x_wconf 87' lang='lat' dir='ltr'><strong>est.</strong></span> <span class='ocrx_word' id='word_1_296' title='bbox 312 4103 392 4176; x_wconf 83' lang='lat' dir='ltr'><strong>Indo</strong></span> <span class='ocrx_word' id='word_1_297' title='bbox 414 4100 592 4192; x_wconf 88' lang='lat' dir='ltr'><strong>procedens</strong></span> <span class='ocrx_word' id='word_1_298' title='bbox 614 4101 697 4168; x_wconf 84' lang='lat' dir='ltr'><strong>venit</strong></span> <span class='ocrx_word' id='word_1_299' title='bbox 723 4099 766 4167; x_wconf 89' lang='lat' dir='ltr'><strong>ad</strong></span> <span class='ocrx_word' id='word_1_300' title='bbox 785 4112 936 4178; x_wconf 78' lang='lat' dir='ltr'><strong>montem,</strong></span> <span class='ocrx_word' id='word_1_301' title='bbox 958 4101 1011 4165; x_wconf 87' lang='lat' dir='ltr'><strong>ubi</strong></span> <span class='ocrx_word' id='word_1_302' title='bbox 1033 4112 1104 4165; x_wconf 85' lang='lat' dir='ltr'><strong>erat</strong></span> <span class='ocrx_word' id='word_1_303' title='bbox 1120 4100 1271 4187; x_wconf 68' lang='lat' dir='ltr'><strong>Spbinm,</strong></span> 
     </span>
     <span class='ocr_line' id='line_1_39' title="bbox 104 4185 1243 4277; baseline -0.004 -20"><span class='ocrx_word' id='word_1_304' title='bbox 104 4199 299 4268; x_wconf 86' lang='lat' dir='ltr'><strong>monstrum,</strong></span> <span class='ocrx_word' id='word_1_305' title='bbox 319 4191 465 4256; x_wconf 90' lang='lat' dir='ltr'><strong>omnibus</strong></span> <span class='ocrx_word' id='word_1_306' title='bbox 487 4187 762 4277; x_wconf 87' lang='lat' dir='ltr'><strong>praetereuntibus</strong></span> <span class='ocrx_word' id='word_1_307' title='bbox 784 4185 848 4254; x_wconf 89' lang='lat' dir='ltr'><strong>hoc</strong></span> <span class='ocrx_word' id='word_1_308' title='bbox 871 4186 1021 4272; x_wconf 82' lang='lat' dir='ltr'><strong>aenigma</strong></span> <span class='ocrx_word' id='word_1_309' title='bbox 1044 4205 1243 4273; x_wconf 83' lang='lat' dir='ltr'><strong>proponens:</strong></span> 
     </span>
     <span class='ocr_line' id='line_1_40' title="bbox 61 4268 1271 4364; baseline -0.004 -24"><span class='ocrx_word' id='word_1_310' title='bbox 61 4273 191 4363; x_wconf 76' lang='lat' dir='ltr'><strong>mquid</strong></span> <span class='ocrx_word' id='word_1_311' title='bbox 207 4276 324 4362; x_wconf 81' lang='lat' dir='ltr'><strong>primo</strong></span> <span class='ocrx_word' id='word_1_312' title='bbox 340 4286 509 4364; x_wconf 74' lang='lat' dir='ltr'><strong>quatuor,</strong></span> <span class='ocrx_word' id='word_1_313' title='bbox 529 4271 654 4343; x_wconf 81' lang='lat' dir='ltr'><strong>deinde</strong></span> <span class='ocrx_word' id='word_1_314' title='bbox 674 4269 801 4355; x_wconf 79' lang='lat' dir='ltr'><strong>tribus,</strong></span> <span class='ocrx_word' id='word_1_315' title='bbox 819 4270 944 4341; x_wconf 80' lang='lat' dir='ltr'><strong>deinde</strong></span> <span class='ocrx_word' id='word_1_316' title='bbox 955 4268 1099 4353; x_wconf 76' lang='lat' dir='ltr'><strong>duobus,</strong></span> <span class='ocrx_word' id='word_1_317' title='bbox 1115 4269 1271 4363; x_wconf 31' lang='lat' dir='ltr'><strong>&#39;deindnr</strong></span> 
     </span>
    </p>
   </div>
   <div class='ocr_carea' id='block_1_11' title="bbox 0 0 1375 4606">
    <p class='ocr_par' dir='ltr' id='par_1_17' title="bbox 0 0 1375 4606">
     <span class='ocr_line' id='line_1_41' title="bbox 0 0 1375 4606; baseline 0 0"><span class='ocrx_word' id='word_1_318' title='bbox 0 0 1375 4606; x_wconf 95' lang='lat' dir='ltr'><strong> </strong></span> 
     </span>
    </p>
   </div>
  </div>
 </body>
</html>
