2684 4606
136 194 217 270 ros
414 187 596 297 uyaogr.
623 193 695 267 ru.
750 192 789 267 a.
844 189 989 265 a-a
1050 184 1052 190 ’

222 378 253 444 8.
292 376 400 443 Porro
426 377 583 445 Helenam
615 378 669 464 (ut
699 375 861 443 consilium
890 386 978 443 certe
1004 373 1071 440 rori
1091 382 1156 439 non
1176 372 1270 438 relin-

139 486 272 553 quamus
293 463 489 564 inquirendi)
508 463 718 531 immortalem
741 463 837 528 fuisse
858 462 978 528 indicat
998 472 1134 548 tempos.
1185 460 1271 524 Nam

140 562 282 626 constat,
314 571 382 615 eus
413 550 527 616 fratres
554 572 626 615 cum
648 548 841 634 Argonautis
863 548 970 613 l'uisse.
1012 550 1272 633 Argonautarum
1304 596 1309 605 .

140 636 193 701 filii
227 656 300 701 oum
365 633 496 700 hehanis
525 632 760 700 dimicaverunt
811 633 891 698 Item
926 633 1046 696 illorum
1074 631 1127 695 filii
1158 643 1271 698 contra

116 720 302 809 ⁵'l'rojanos
334 719 418 784 bella
445 731 625 806 gesseruut.
668 718 761 806 Ergo
794 717 820 782 si
849 717 1030 785 immortalis
1058 716 1185 782 Helena
1208 732 1270 781 non

140 807 268 879 suisset,
299 814 347 871 tot
375 804 441 871 sine
468 804 565 871 dubio
586 803 721 882 saeouhs
742 804 860 868 durare
881 824 944 867 non
967 802 1131 890 potuisset.
1157 804 1271 875 -Hanc

140 904 246 959 autem
266 889 400 976 legimus
422 891 510 977 prius
528 914 550 956 a
569 890 700 957 'l'heseo
721 898 879 977 raptam‚'
894 898 928 955 et
955 888 987 953 in
1009 893 1158 976 Aegypto
1181 910 1270 952 com-

140 975 320 1057 mendatam
341 976 474 1042 Proteo.
516 976 589 1051 Qua
609 975 733 1043 ratione
753 972 881 1059 quidam
902 972 1033 1052 inducti,
1051 995 1115 1038 non
1137 974 1180 1039 oh
1202 973 1269 1062 ejus

140 1074 284 1150 raptum,
318 1059 376 1129 sed
396 1059 463 1127 aliis
483 1058 670 1148 quibusdam
692 1058 735 1125 de
756 1059 861 1125 causis
882 1060 967 1146 apud
990 1058 1123 1147 'frojam
1144 1080 1271 1146 pugnae

98 1155 135 1204 1⁰
143 1160 209 1214 tum
231 1146 358 1221 dicunt,
377 1146 491 1233 quibus
511 1158 618 1213 tamen
633 1145 760 1211 Servius
783 1165 846 1209 non
866 1145 1031 1211 consentit
1063 1146 1171 1219 Quum
1187 1146 1270 1210 euim

134 1233 227 1324 juxta
247 1254 321 1296 eum
341 1230 516 1307 Hercules,
545 1231 604 1297 Ilio
629 1240 814 1380 exppguato
844 1230 1015 1318 occisoque
1034 1228 1269 1309 Laomedonte,

141 1342 181 1384 eo
204 1316 291 1404 quod
313 1337 385 1381 eum
406 1327 480 1404 post
507 1316 654 1383 amissum
710 1316 782 1405 plan
825 1328 1071 1403 eragratamque
1091 1316 1228 1405 Mysiam
1248 1336 1269 1381 a
1294 1366 1298 1375 .

140 1415 234 1491 portu
252 1415 394 1480 arceret,
419 1401 514 1469 filiam
535 1399 762 1469 Laomedontis
784 1339 960 1467 [lesionem
980 1400 1158 1481 Telamoni,
1181 1399 1268 1490 quod
1295 1442 1300 1463 .

139 1493 166 1555 is
187 1489 306 1574 primus
327 1509 452 1553 murum
472 1485 632 1566 ascendit,
652 1485 793 1553 dedisset
829 1509 902 1553 nam
924 1486 966 1553 de
985 1486 1137 1564 liberata,
1156 1486 1267 1575 inquit,
1294 1542 1298 1549 .

70 1612 76 1631 ,
100 1586 133 1634 15
142 1574 283 1639 Hesiona
306 1573 480 1640 l'abulosum
502 1574 690 1659 figmentum
713 1572 799 1655 est),
828 1572 1026 1660 profectique
1047 1594 1120 1637 cum
1138 1572 1267 1637 Priamo

138 1660 254 1746 legati,
286 1680 381 1744 quem
412 1670 445 1725 et
474 1658 577 1745 ipsum
608 1659 649 1724 ab
678 1656 820 1725 Hercule
848 1670 993 1745 captum,
1030 1656 1088 1724 sed
1120 1680 1143 1726 a.
1161 1658 1267 1727 ricinis

138 1744 325 1821 redemtum,
344 1743 453 1829 sicque
474 1746 515 1809 ab
537 1766 577 1807 eo
600 1743 899 1829 reguorestitutum
921 1744 1029 1821 refert,
1051 1766 1122 1808 eam
1140 1743 1266 1809 minime·

139 1830 280 1916 reperire
302 1828 494 1915 potuissent,
523 1826 579 1893 illis
601 1850 637 1895 se
657 1849 728 1892 eam
745 1827 821 1915 jure
842 1828 992 1893 bellorum
1015 1828 1135 1894 habere
1160 1828 1267 1895 dicen·

138 1916 241 1992 tibus,
264 1925 440 1979 commotus
453 1912 599 1979 Priamus
618 1912 842 1989 inGraeciam
859 1913 1009 1979 Paridem
1032 1936 1104 1999 uum
1127 1915 1266 1981 exercitu

96 1999 238 2078 admisit,
274 1998 326 2085 qui
359 1996 433 2062 inde
466 1996 583 2087 aliquid
615 1997 678 2064 talc
706 1998 897 2077 abduceret,
930 1999 1016 2086 regis
1048 1999 1196 2069 videlicet
1220 1998 1266 2065 rel

139 2106 271 2151 uxorem
301 2082 351 2147 vel
378 2082 482 2148 filiam.
525 2082 618 2149 Paris
646 2084 655 2148 i
681 2082 745 2150 itur
771 2085 905 2170 primum
930 2083 1068 2171 hospitio
1088 2097 1266 2173 susceptus,
1300 2116 1307 2131 ι

139 2169 326 2236 adulterium
359 2166 524 2234 commisit.
574 2105 701 2235 Deinde
729 2191 826 2256 quum
856 2193 929 2235 eum
958 2168 1083 2235 Helena
1105 2169 1267 2237 sollicitata

87 2285 90 2290 ¹
139 2256 229 2341 sequi
261 2253 428 2332 noluisset,
459 2274 610 2341 egressus
642 2253 801 2322 civitatem
832 2256 969 2342 Spartae
997 2254 1132 2322 obsedit,
1196 2256 1266 2330 Qua

140 2362 261 2423 eversa,
282 2338 439 2404 Helenam
460 2338 573 2427 rapuit.
611 2339 709 2407 Unde
728 2351 761 2407 et
780 2340 831 2409 illa
853 2341 949 2428 recipi
970 2342 1083 2407 meruit
1098 2364 1124 2408 ‘a
1146 2341 1265 2407 merito.
1298 2364 1312 2425 ρ

96 2433 132 2481 2⁵
141 2428 196 2492 Sic
217 2425 315 2511 igitur
336 2423 471 2503 foedus,
498 2423 585 2514 quod
611 2437 707 2494 antea
731 2426 814 2492 inter
835 2428 981 2492 Graecoh
1005 2438 1036 2492 et
1062 2426 1170 2493 'Procs
1192 2448 1265 2492 con·
1309 2462 1312 2476 =

138 2513 279 2579 stitutum
299 2522 334 2577 et
354 2507 408 2574 diu
429 2521 555 2578 constat
576 2532 649 2577 esso
668 2523 846 2591 serratum,
870 2511 998 2580 tandem
1020 2526 1160 2600 ruptum,
1182 2511 1263 2578 etin
1296 2496 1312 2537 Γ

137 2597 219 2663 bella
241 2606 367 2661 ventum
386 2604 446 2663 est.
486 2595 583 2663 Juxta
610 2596 752 2663 altiorem
780 2595 918 2685 donique
940 2597 1103 2663 scientiam
1127 2596 1176 2663 rel
1199 2597 1266 2685 opi·

138 2683 264 2747 nion'em
293 2679 381 2746 stella
409 2678 555 2747 Helenae
581 2679 733 2770 deputata
756 2682 866 2749 nociva
887 2693 1175 2771 tempestatumque
1195 2704 1265 2770 pro·
1296 2688 1310 2729 l

140 2766 274 2833 creatrix
305 2777 371 2845 est,
400 2766 534 2833 fratrum
562 2788 637 2833 vero
666 2767 829 2853 propitiae.
871 2768 967 2834 Unde
994 2768 1119 2835 Helena
1141 2790 1205 2835 nou
1220 2767 1265 2834 in·
1298 2762 1309 2789 ⁵

98 2859 285 2939 3⁰congrue
307 2873 404 2923 causa
424 2851 522 2918 fuisse
543 2851 616 2917 moli
636 2851 768 2949 videtur.
810 2852 891 2918 lude
912 2865 980 2920 est:
1113 2930 1116 2934 ,
1308 2904 1312 2955 4

576 2959 681 3023 quum
700 2959 780 3024 pam
805 2938 977 3004 damnato
1005 2942 1134 3007 sororio
1309 2960 1312 2995 ¹

199 3021 289 3108 Igne
316 3019 580 3107 Thercpnorrrm
598 3018 773 3109 fugerunt·
795 3020 941 3087 carbasa
954 3022 1106 3109 fratres.
1304 3090 1307 3097 ,

223 3108 254 3171 9.
296 3106 343 3170 Ut
362 3115 469 3171 autem
486 3104 528 3171 'ad
549 3106 661 3172 Jovem
677 3118 882 3182 revertamur,
905 3131 977 3174 eum
998 3110 1175 3203 philosophi
1197 3108 1264 3197 qui·
1295 3104 1308 3157 'l

141 3190 214 3257 dam
242 3191 273 3255 in
305 3191 443 3275 figuram
472 3190 564 3276 hujus
593 3191 698 3257 mundi
727 3193 903 3280 accipiunt;
925 3193 1010 3261 unde
1032 3208 1065 3264 et
1083 3197 1199 3275 Jovia,
1231 3202 1266 3259 ut

99 3278 247 3364 aaajunt,
275 3273 309 3338 id
337 3286 386 3342 est
413 3275 623 3341 universalia
656 3278 707 3341 vis
742 3276 844 3345 dictus
875 3290 931 3346 est
973 3280 1018 3347 Et
1046 3281 1121 3347 hinc
1148 3279 1265 3347 mundo

141 3361 359 3428 aeternitatem
381 3360 574 3441 attribuunt,
603 3382 665 3427 non
687 3362 773 3450 quod
795 3385 923 3452 semper
944 3365 1029 3431 idem
1047 3389 1119 3433 sese
1142 3366 1267 3445 haheat,

141 3445 228 3535 quod
244 3456 293 3512 est
313 3467 386 3511 rere
404 3446 586 3522 aeternitas,
605 3446 660 3512 sed
682 3446 769 3536 quod
790 3472 916 3537 semper
937 3450 1084 3517 durando
1103 3462 1138 3519 et
1155 3472 1266 3519 cursus
1293 3474 1302 3489 ·

142 3555 217 3599 suos
234 3530 337 3596 redint
383 3531 494 3622 raudo,
513 3529 556 3597 ad
575 3531 732 3619 quandam
744 3557 781 3600 se
802 3536 994 3603 aeternitatis
1013 3535 1179 3604 formulam
1192 3558 1266 3603 cou-

143 3620 302 3703 stringere
320 3617 356 3682 'ri
380 3627 479 3682 eatur.
532 3617 744 3705 Frequentius
774 3632 880 3686 tomen
911 3622 1025 3688 Jovem
1050 3646 1111 3712 pro
1137 3622 1267 3691 aethere

101 3705 323 3805 acaccipimus.
366 3700 463 3769 Unde
483 3702 578 3768 etiam
599 3702 845 3791 triumphantes,
901 3708 932 3773 ui
960 3707 1049 3773 Jovis
1077 3708 1198 3776 habeat
1221 3708 1267 3773 in·

142 3792 264 3875 sigma,
292 3798 452 3879 sceptrum
468 3785 613 3855 videlicet
634 3799 667 3856 et
687 3790 854 3876 palmatam
878 3730 988 3879 iunde
1007 3793 1187 3862 luvenalis:
1223 3792 1267 3859 In

144 3874 265 3935 trittico
285 3873 381 3936 docio
402 3873 500 3957 etc),
526 3873 638 3939 faciem
661 3896 788 3963 quoque
810 3877 852 3943 de
873 3879 1000 3943 rubrica
1020 3877 1152 3947 illiniunt
1170 3879 1267 3946 instar

144 3956 258 4021 coloris
276 3957 425 4024 aetherei.
467 3959 531 4025 Hic
552 3971 585 4025 et
604 3960 737 4027 Ammon
757 3963 789 4027 in
808 3963 929 4051 Libya,
956 3961 988 4028 id
1012 3977 1062 4030 est
1082 3964 1268 4032 arenarius

143 4044 184 4106 ab
207 4041 309 4106 arenis
330 4041 460 4133 Libycis
480 4058 622 4111 vocatur·
655 4044 738 4112 Nam
767 4045 883 4136 ἄμμος
910 4050 1039 4113 Graece
1049 4072 1170 4132 ,arena
1190 4046 1268 4143 gliti-

94 4142 200 4193 rarur.
255 4126 320 4193 Ubi
348 4140 382 4194 et
410 4130 478 4218 ejus
506 4130 706 4197 simulacrum
734 4155 805 4199 oum
835 4133 938 4220 capite
967 4133 1121 4201 urientino
1151 4135 1270 4203 lactum

126 4222 194 4292 est,
226 4235 270 4278 eo
301 4212 392 4301 quod
418 4215 496 4288 sotis
517 4216 657 4288 involuta
672 4215 792 4287 ibidem
811 4218 927 4287 dantur
942 4239 1105 4307 responsa
1130 4214 1218 4319 fied
1237 4230 1271 4287 et
