2684 4606
379 170 561 273 mmm.
590 171 622 246 1.
679 169 931 245 ris-rra.
992 236 1035 253 .,
1171 170 1226 247 or

136 354 230 431 115.
284 354 483 458 Apollo,
525 384 691 433 corvos
726 369 773 431 et
805 338 1025 453 Coronis,
1068 358 1177 431 silio

531 460 778 560 Phlegyae.

171 585 209 651 In
243 568 394 674 Apollinis
430 588 529 656 tutela
562 610 692 656 corvum
730 601 872 678 ponunt,
917 589 983 657 sire
1020 586 1106 677 quod
1141 586 1226 654 solus

88 680 203 738 contm
222 692 330 738 rerum
359 685 503 741 naturam
524 674 556 739 in
580 672 691 742 mediis
713 675 790 779 ipsis
813 675 939 745 aestivis
962 674 1140 740 l'errorihus
1160 674 1226 739 ori-

85 778 183 860 paros
213 757 343 845 pullulet
370 760 495 837 loetus;
527 759 593 826 sire
615 756 703 847 quod
726 783 757 838 ur
787 760 1003 850 horoscopicis
1024 759 1113 826 libris
1139 758 1250 827 sclusa

86 854 178 914 mter,
199 866 310 911 omnes
337 850 420 912 aves
435 844 545 912 LXIV
567 846 815 933 significationes
834 848 953 915 haheat
971 866 1093 912 vocum.
1132 846 1229 911 Haec
1301 860 1305 865 '

87 939 137 997 est
158 941 266 996 autem
288 928 404 997 sabula.
455 932 599 1009 Corvus,
628 932 777 1021 Apollinis
801 931 900 1002 tutela
921 955 1016 1005 usus.
1046 953 1086 997 eo
1107 931 1229 997 sacrifi-

88 1024 201 1093 cante,
233 1016 347 1082 missus
371 1041 390 1084 a
417 1016 507 1083 fonte
530 1039 645 1104 aquam
673 1041 785 1107 puram
809 1020 959 1109 petitum,
994 1015 1070 1084 vidit
1096 1017 1229 1083 arbores

87 1098 269 1187 complures
299 1102 434 1169 ficorum
464 1100 674 1189 immaturas.¹
715 1104 783 1171 Eas
814 1116 986 1193 expectans
1020 1101 1097 1167 dum
1127 1113 1230 1169 rnatu·
1316 1176 1319 1181 ,

45 1258 50 1264 ,
86 1198 274 1266 rescerent,
312 1187 345 1253 in
373 1186 491 1255 arbore
519 1184 659 1276 quedam
688 1210 798 1255 carum
820 1189 975 1257 consedit.
1018 1188 1132 1276 Itaque
1155 1201 1228 1277 post
1237 1202 1271 1249 10

87 1271 209 1359 aliquot
237 1270 306 1340 dies
327 1274 429 1341 coetis
455 1273 543 1353 ficis,
570 1288 604 1341 et
625 1298 644 1339 a
666 1296 764 1341 corvo
787 1274 928 1364 pluribus
950 1284 1062 1341 earum
1083 1273 1231 1351 comesis,

60 1368 264 1444 'expectens
292 1358 424 1449 Ap'ollo,
466 1381 598 1430 corvum
632 1358 709 1426 vidit
740 1383 813 1427 cum
845 1372 972 1429 cratere
999 1359 1093 1448 pleno
1125 1359 1232 1426 volare

87 1441 310 1526 festinantem
341 1467 400 1533 pro
429 1467 493 1532 quo
523 1443 659 1523 amisso,
688 1443 767 1513 dixit
794 1469 831 1513 se
858 1457 1015 1513 moratum
1039 1445 1094 1511 diu
1115 1445 1232 1534 Apolli-

86 1550 182 1609 nem,
213 1530 285 1617 qui,
316 1542 448 1600 coactus
476 1553 567 1597 mora
588 1529 692 1610 corvi,
721 1530 783 1599 alia
810 1554 895 1623 aqua
916 1542 965 1599 est
985 1552 1082 1611 usus,
1111 1543 1144 1598 et
1170 1532 1232 1597 hac

84 1612 264 1717 ignominie
290 1637 363 1683 eum
389 1616 515 1695 affecit,
547 1627 584 1683 ut
605 1615 757 1704 quandiu
778 1617 831 1684 fici
853 1626 1086 1705 coquerentur,
1115 1629 1273 1682 corrusts

86 1700 203 1765 bibere
231 1722 294 1766 uon
319 1702 439 1790 possit3
474 1700 550 1768 ideo
580 1700 669 1790 quod
696 1713 811 1790 guttur
839 1702 959 1771 haheat
985 1712 1151 1792 pertusum
1174 1701 1231 1768 illis

87 1784 217 1851 diebus.
277 1787 381 1854 Istrus
414 1799 522 1854 autem
552 1799 585 1853 et
617 1789 796 1878 complures
829 1786 993 1868 dixerunt,
1033 1787 1232 1854 Coronidem
1320 1816 1323 1821 ⁴

86 1869 261 1960 Phlegyae
279 1872 374 1940 filiam
397 1872 506 1940 fuisse.
548 1872 644 1939 Hanc
665 1888 772 1941 autem
794 1897 833 1939 ex
849 1875 992 1963 Apolline
1008 1873 1231 1960 Aesculapium

86 1964 288 2045 procreasse.
346 1958 414 2025 Sed
447 1970 559 2047 postea
587 1958 672 2025 Elati
701 1960 798 2027 filium
829 1982 903 2027 cum
931 1985 971 2027 ea
1001 1960 1232 2039 concubuisse;

87 2040 179 2130 quod
209 2040 332 2110 ridetur
364 2066 478 2111 corvus
507 2043 640 2132 Apollini
673 2047 844 2113 nuntiasse.
904 2044 968 2122 Qui
1006 2068 1104 2130 quum
1136 2044 1273 2110 fueritne
1333 2115 1336 2123 ,

86 2142 187 2201 auten
215 2128 387 2208 candidus,
417 2153 477 2219 pro
496 2129 702 2197 incommodo
724 2132 833 2199 nuntio
857 2153 930 2200 eum
953 2131 1082 2220 nigrum
1105 2129 1231 2211 secisse,

88 2227 123 2281 et
145 2212 345 2282 Coronidem
366 2216 493 2303 sagittis
516 2214 695 2283 confixisse.
733 2273 743 2287 ,

177 2378 270 2455 116.
323 2378 493 2482 Apollo
528 2394 570 2457 et
598 2354 816 2481 Daphne,
854 2402 939 2456 serr
966 2383 1136 2455 laurus.

174 2509 214 2575 In
244 2510 554 2599 Apollinis‘tutelam
585 2509 708 2576 laurum
740 2508 935 2577 adscribunt.
989 2508 1075 2574 Nam
1103 2507 1231 2585 scimus,

88 2596 272 2685 Daphnen,
305 2595 467 2673 Ladonis,
500 2596 636 2662 fluminis
663 2596 835 2676 Arcadiae,
870 2592 982 2668 liliam,
1015 2592 1161 2658 dilectam
1191 2593 1274 2656 abas

88 2680 254 2770 Apolline,
284 2692 318 2750 et
343 2682 471 2749 'l'errae
499 2682 703 2749 miseratione
731 2682 762 2746 in
791 2680 915 2747 laurum
944 2701 1155 2745 conversam.
1177 2678 1235 2759 ‚Et

89 2766 179 2834 unde
205 2765 315 2835 laurus
341 2767 428 2832 nasci
456 2778 584 2856 posset,
615 2766 673 2833 nisi
697 2765 741 2834 de
764 2764 941 2854 ssuyialibus
965 2764 1079 2851 aquis?
1121 2764 1167 2830 Et
1188 2764 1234 2829 sic

39 2906 42 2920 .
88 2859 212 2942 politae
234 2850 484 2955 describunttnsi
502 2851 626 2921 laurum
645 2850 876 2921 dormientibus
898 2850 940 2918 ad
959 2863 1058 2939 caput
1079 2849 1234 2939 posueris,

85 2960 164 3007 vera
184 2962 311 3007 somma
326 2962 403 3007 esse
424 2960 556 3005 rauros.
640 2966 643 2972 ·

225 3164 233 3172 .
292 3102 383 3181 117.
436 3102 608 3205 Apollo
640 3118 683 3181 et
717 3103 1026 3205 Hyacinthus.
1149 3042 1153 3047 Ι
1240 3130 1276 3177 ao

178 3233 398 3325 Hyacinthum
427 3244 567 3299 amatum
597 3246 662 3300 tam
690 3220 862 3314 o'Borea,
900 3255 995 3322 quam
1024 3232 1065 3296 oh
1091 3224 1235 3320 Apolline

92 3320 213 3387 dicunt.
266 3320 330 3395 Qui
355 3341 455 3407 ¹quum
488 3318 591 3405 magis
621 3318 770 3407 Apollinis
801 3341 912 3385 amore
941 3318 1117 3395 laxaretur,
1158 3315 1233 3379 dum

91 3419 266 3473 exercetur
289 3406 396 3484 disco,
426 3405 467 3468 ab
488 3405 570 3471 irato
591 3406 700 3471 Borea
721 3404 837 3473 eodem
858 3404 950 3473 disco
971 3415 1021 3470 est
1039 3404 1234 3482 interemtus,

90 3504 125 3561 ct
144 3503 287 3561 mutatus
306 3491 474 3558 letiorem
497 3488 640 3557 nominis.
669 3520 673 3525 ·

328 3653 418 3747 na
473 3638 643 3755 sporn
678 3667 722 3755 er
755 3600 996 3729 unuin.
1240 3684 1276 3731 a..

48 3821 53 3829 ·
180 3780 311 3873 Apollo,
335 3783 391 3886 qui
413 3782 542 3862 et.Sol,
565 3806 638 3851 cum
662 3782 817 3887 Clymene
840 3782 989 3874 Nympha
1012 3805 1078 3849 rem
1101 3778 1237 3857 habens,

92 3869 296 3949 Phaetonta,
329 3893 394 3935 srre
421 3867 615 3951 Eridanum,
649 3867 765 3937 dicitur
790 3871 960 3957 gemuisse,
990 3868 1045 3955 qui
1072 3856 1234 3934 suscltavit

90 3956 305 4061 Hippolytum
340 3955 504 4035 occisum,
545 3968 680 4046 precatu
716 3955 812 4044 patris
846 3966 880 4022 et
918 3954 1051 4021 Dianae.
1113 3953 1179 4019 Hic
1215 3975 1234 4018 a

91 4056 188 4133 patre
216 4052 385 4130 unpetrato
416 4062 532 4121 curru,
614 4043 694 4109 itare
721 4064 784 4107 nou
858 4041 934 4120 tuit;
972 4051 1006 4107 et
1034 4060 1130 4127 quum
1165 4037 1233 4103 e'ns

92 4149 209 4195 errore
229 4128 367 4195 muudus
388 4126 534 4204 arderet,
562 4126 593 4193 tu
607 4129 741 4194 minatus
763 4150 783 4193 a
825 4150 901 4205 ove,
921 4125 954 4193 in
973 4126 1102 4195 flurium
1124 4063 1275 4190 ltallaetu

94 4211 235 4295 cecidit3
269 4226 302 4281 et
328 4227 405 4280 tunc
430 4236 449 4279 a
472 4210 543 4278 luce
574 4212 697 4283 ardoris
725 4214 775 4283 sui
799 4213 957 4285 Phahton
979 4212 1168 4305 appellatus
1195 4220 1265 4283 est,
