2684 4606
1284 33 1290 79 Ι

1260 133 1265 143 ·
1284 96 1290 181 l

101 152 183 227 tto
251 179 259 200 ·
403 150 588 253 Mytbogr.
615 150 668 223 ll.
725 147 940 225 155154.

242 298 244 302 ’
451 309 453 312 >
869 288 883 320 t
1277 294 1282 319 v

26 332 31 341 ’
91 355 138 431 ,εξ
154 338 333 418 Helenam,
355 336 397 403 de
417 333 575 425 Tyndaro
597 336 766 403 Castorem
783 338 965 426 progenuit.
995 337 1109 404 Pollux
1127 348 1242 419 autem,
1267 398 1270 405 .

101 428 243 507 fraterne
264 424 459 512 compatiens
479 419 680 499 mortalitati,
710 420 831 489 inferos
861 446 920 514 pro
945 423 1046 501 fratre
1065 424 1240 503 alternatim
1287 500 1290 513 Ι

103 509 291 593 subeundo,
320 532 393 575 eum
418 508 545 574 interitu
568 505 703 574 redemit
724 508 852 576 vicario.
894 509 986 586 Quos
1031 532 1067 576 ro
1091 511 1242 577 unanimi-

64 607 68 616 '
103 598 177 667 tatis
200 596 314 664 merito
336 596 378 662 Ju
402 594 486 684 piter
505 594 538 660 in
560 592 683 660 caelum
704 595 879 673 transtulit,
910 607 943 663 et
971 534 1124 663 sabaria
1152 598 1242 685 signa
1269 668 1272 673 ,

4 756 7 764 ,
43 695 46 701 ’
76 683 206 753 onautis
230 704 302 767 esse
323 680 364 747 de
388 681 431 763 it;
464 703 561 769 quum
583 678 673 747 stella
694 683 815 749 sororis
835 682 939 749 nautis
960 681 1088 769 signum
1111 682 1153 751 sit
1173 704 1241 787 per·
1270 702 1275 711 ·

101 769 240 838 ditionis.
297 769 387 842 Quos
426 765 561 833 alterum
594 787 652 853 pro
687 766 788 833 altero
819 790 929 834 manes
957 768 1096 835 vicissim
1131 767 1242 837 adrissc
1280 782 1283 791 '

1 900 2 905 κ
103 853 245 946 fingitur,
268 851 356 942 quod
381 872 492 919 eorum
512 848 624 919 stellae
645 851 689 919 ita
710 863 785 919 sunt
804 853 1006 935 constitutae,
1029 852 1258 935 utoccidento

102 964 185 1022 una,
218 940 340 1011 oriatur
371 938 481 1006 altera.
501 938 671 1025 a'l'empus
700 949 826 1019 autem,
856 938 944 1028 qnod
972 940 1043 1029 ipsa
1064 940 1243 1019 duraverat,

104 1026 264 1095 Helenam
295 1025 393 1093 fuisse
420 1023 630 1107 immortalem
650 1023 778 1090 iudicat.
831 1025 969 1094 Constat
999 1026 1102 1107 enim,
1132 1026 1244 1095 fratres
1288 1080 1290 1087 .

20 1171 25 1187 .
66 1113 176 1204 acejus
208 1135 280 1180 oum
312 1110 505 1198 Argonautis
535 1109 649 1189 fuisse,
680 1113 937 1196 Argonautarum
959 1109 1039 1178 filios
1061 1135 1136 1179 cum
1159 1114 1246 1181 'Phe-

106 1198 199 1266 banis
229 1196 413 1275 dimicasse,
451 1196 558 1284 ibique
590 1192 805 1263 dimicantium
835 1196 915 1263 filios
941 1197 1086 1287 Trojano
1122 1198 1243 1266 excidio

105 1280 297 1353 interfuisse.
322 1283 427 1369 Ergo
442 1282 469 1353 si
481 1280 665 1349 immortalis
679 1281 804 1349 Helena
820 1304 882 1349 non
902 1282 1023 1364 suisset,
1045 1295 1095 1351 tot
1108 1283 1180 1351 sine
1191 1283 1245 1351 du·

106 1371 160 1439 bio
181 1369 315 1439 saeculis
339 1368 458 1435 durare
478 1390 541 1433 non
564 1367 727 1456 potuisset
770 1368 868 1435 Hanc
888 1392 1043 1459 namque,
1064 1369 1262 1460 priusquam*

107 1456 253 1523 Menelao
275 1456 432 1534 nuberet,
460 1477 480 1521 a
504 1453 638 1520 'Pheseo
659 1452 795 1539 legimus
817 1466 961 1544 raptam,
993 1466 1027 1523 et
1046 1454 1079 1519 in
1098 1457 1244 1549 Aegypto

67 1542 231 1613 loProteo
253 1565 326 1609 esse
349 1537 613 1609 commendatam.
659 1540 760 1630 Cujus
782 1541 889 1622 stella,
911 1542 1032 1609 Urania
1053 1538 1161 1623 dicta,
1183 1566 1244 1611 ma·
1269 1584 1272 1589 -

13 1642 53 1713 >5
107 1628 172 1696 lum
202 1628 388 1732 perhibetur
416 1647 532 1695 cavare
560 1635 594 1692 et
625 1625 712 1691 navis
741 1624 805 1691 ima
831 1626 1044 1715 pertundere,
1078 1637 1171 1699 tanto
1200 1630 1245 1697 in-
1277 1663 1281 1671 ¹

36 1722 40 1735 '
107 1713 212 1780 cendia
240 1715 383 1800 flagrans
414 1710 548 1790 ardore,
581 1720 618 1778 ut
645 1732 700 1776 aes
732 1711 796 1778 hoo
820 1712 960 1781 solvatur
979 1710 1097 1780 calore.
1143 1716 1246 1793 Quam

107 1823 206 1954 :prum
228 1815 345 1867 nautae
366 1798 436 1869 navi
460 1794 650 1869 insidentem
681 1794 903 1882 considerant,
933 1822 970 1868 se
997 1800 1156 1893 perituros
1185 1824 1246 1872 non

133 1887 262 1954 ubitant.

66 2089 104 2137 20
316 2043 409 2124 155.
464 2048 676 2124 Theseus
713 2059 756 2122 et
790 2048 1044 2125 Pirithous.

192 2175 342 2243 'Pheseus
365 2186 398 2263 ct
419 2174 603 2256 Pirithous,
633 2196 715 2241 unus
738 2173 781 2240 de
801 2175 975 2265 Lapithis,
993 2177 1079 2246 facta
1101 2180 1247 2271 conjura·
1286 2200 1289 2207 '

109 2263 213 2343 tione,
246 2263 324 2329 filias
346 2262 433 2329 Jovis
455 2283 572 2328 uxores
597 2260 735 2341 ducere,
757 2262 888 2330 'Pbcseo
911 2263 1084 2341 Helenam,
1107 2267 1196 2335 Jovis
1217 2276 1248 2337 ot
1287 2288 1290 2297 ·

109 2345 224 2415 Ledae
244 2348 355 2429 filiam,
379 2347 486 2415 adhuc
509 2369 636 2440 parvam
659 2361 851 2437 rapuerunt,
874 2350 950 2416 etin
964 2354 1113 2440 Aegypto
1128 2353 1247 2423 Proteo

111 2434 421 2502 commendaverunt
465 2434 572 2510 Quum
604 2447 728 2516 autern,
758 2457 841 2523 quae
866 2435 1011 2504 Pirithoo
1035 2438 1247 2525 copularetur,

68 2543 176 2595 asnaa
202 2520 393 2600 invenirent,
425 2521 703 2610 conspiraverunt,
732 2532 768 2587 ut
796 2534 928 2610 propter
949 2521 1178 2611 Proserpinam
1199 2547 1248 2593 ra·

111 2604 260 2697 piendam
295 2608 415 2674 inferos
450 2606 584 2673 adirent.
645 2607 719 2682 Quo
758 2606 861 2684 facto,
897 2606 1015 2674 ibidem
1050 2607 1250 2698 deprehensi,

136 2694 202 2759 ravi
237 2694 391 2796 supplicio
424 2704 500 2761 sant
526 2690 677 2759 damnati.
727 2692 849 2763 Fertur
876 2706 984 2761 tamen
1017 2693 1170 2765 'Phesens
1208 2698 1249 2765 ah

110 2715 255 2845 llercule
282 2793 326 2846 rta
353 2778 521 2857 liberatus,
550 2790 588 2845 ut
617 2799 689 2868 pars
717 2777 786 2866 ejus
815 2779 957 2871 corporis
977 2777 1021 2847 ibi
1043 2778 1290 2864 detineretur,=.

111 2885 187 2952 pars
218 2867 259 2930 ab
288 2864 431 2930 Hercule
459 2863 613 2952 decerpta
651 2862 899 2930 abstraheretur,
951 2863 1018 2930 Sed
1048 2880 1162 2935 contra
1180 2870 1252 2935 Vir-

70 2950 224 3037 gogilius:
264 2950 384 3026 Sedet,
409 2960 656 3035 aeternamque
681 2945 963 3036 sedebit't'rrjelix
991 2950 1153 3023 Theseus.
1197 2956 1270 3027 Sic·

112 3033 299 3125 plerumque
320 3058 341 3101 a
362 3034 465 3127 poetis
487 3033 645 3100 variantur
668 3031 804 3100 tabulae.

438 3197 531 3279 154.
585 3198 804 3277 Athamas
842 3228 933 3277 rex.

199 3329 349 3398 Athamas
371 3334 445 3411 rex',
464 3328 551 3397 Aeoli
571 3329 670 3407 filius,
693 3329 822 3396 Crethei
846 3331 952 3408 irater,
976 3353 1108 3397 uxorem
1123 3332 1277 3421 Nubem,

116 3415 164 3484 rel
186 3417 352 3506 Nephelen
383 3430 526 3484 vocatam
560 3416 686 3493 habuit,
729 3414 771 3479 de
799 3439 863 3503 qua
893 3417 1047 3484 Phrixum
1077 3434 1110 3487 et
1138 3410 1278 3507 Hellen'2

65 3506 266 3593 aasuscepit.
310 3503 539 3590 Quum-igitur
559 3502 691 3579 Nubes,
712 3501 835 3582 insania
855 3501 965 3568 Liberi
987 3502 1085 3591 patris
1105 3508 1260 3589 excitata,
1274 3566 1287 3589 ,

117 3591 223 3658 silvam
245 3600 387 3680 peteret,
404 3612 465 3655 nec
487 3587 528 3657 ad
553 3585 652 3653 larem
677 3587 779 3653 mariti
801 3609 945 3653 remeare
967 3589 1076 3669 vellet,
1099 3590 1168 3659 fillis
1191 3592 1280 3675 suia„

116 3678 265 3745 Athamas
302 3675 489 3780 superduxit
516 3694 703 3749 novercam,
736 3671 868 3738 Inonem
899 3687 1134 3762 nuncupatam
1173 3700 1281 3768 quaa-2

116 3763 274 3829 novercali
298 3764 372 3829 odro
394 3762 502 3851 pueris
534 3759 663 3826 exitium
698 3759 902 3841 machinans,
939 3771 1122 3830 matronans
1155 3764 1285 3853 petiitfflj

116 3860 152 3916 ut
170 3849 327 3917 frumenta
349 3846 486 3915 serenda
503 3856 754 3934 corrumperent.
805 3845 879 3921 Quo
913 3845 1019 3926 facto,
1055 3847 1157 3917 fames
1187 3862 1290 3935 ortar-

75 3945 176 4017 toest.
220 3934 327 4010 Quum
365 3948 470 4002 antem
505 3932 546 4000 ad
575 3931 749 4020 Apollinem
778 3931 958 4001 consultum
979 3932 1089 4011 civitas
1111 3935 1260 4019 misisset.
1277 3938 1290 3981 ·'·

118 4020 177 4085 ino
206 4042 298 4091 eum,
328 4023 381 4106 qui
409 4022 522 4087 missus
554 4030 641 4093 erat,
675 4029 712 4085 ut
734 4016 885 4097 referret,
915 4020 956 4085 ab
977 4020 1289 4103 arrectariorum...

120 4102 237 4170 Nubis
249 4100 352 4187 filios
374 4104 617 4171 immolandam
654 4101 727 4189 lpsa
751 4125 886 4190 namque
909 4102 1028 4172 dictum
1054 4105 1182 4187 habuit,
1202 4120 1290 4183 eod,

113 4190 275 4256 tramenta
311 4190 500 4259 incendisse.
563 4187 663 4256 Pater
702 4209 776 4255 vero
813 4190 926 4259 timens
962 4191 1068 4279 populi
1100 4192 1287 4279 invidiam,
