2684 4606
311 131 617 277 anaqam.
672 148 712 225 o.
769 109 914 281 rJ-ja
970 162 972 167 ’
1120 154 1245 274 ata·

57 356 197 421 quorum
218 334 403 403 nominaet
424 333 561 402 effectus
580 346 810 406 commemorat
831 334 979 404 Avienus.
1021 335 1127 404 Porro
1150 338 1202 407 Si-

56 421 122 488 rius
153 422 196 486 ab
229 422 276 491 bia
308 421 388 487 alius
419 431 484 500 ast,
519 417 610 487 stella
641 420 786 490 videlicet
814 420 847 487 in
878 444 937 488 ore
959 421 1057 489 Canis
1079 422 1201 511 posito:

57 528 144 594 quae
163 505 288 595 etipsa
309 506 448 599 quidem,
471 507 674 592 quantumin
698 508 768 612 ipsa
788 519 847 588 est,
869 506 1021 596 pestifera
1042 520 1111 590 est;
1140 508 1201 576 sed
1239 523 1251 585 ‚¹

57 615 118 681 pro
139 591 293 680 qualitate
313 591 527 680 adjacentium
556 603 613 679 aut
639 593 774 661 vincitur
799 604 856 662 aut
881 593 1053 682 majoribus
1083 594 1200 663 viribus
1271 606 1275 624 ¹
1303 652 1307 671 .

59 680 167 759 utitur.
209 674 426 748 Pestilentiam
449 678 776 768 ueroproouldubio
800 691 906 762 creat,
928 679 1006 746 siin
1027 680 1225 748 bane‘remo
1295 682 1298 689 ’

58 765 156 831 etiam
170 778 350 832 ceterorum
373 762 571 831 consentiant
591 786 704 832 cursus
726 777 893 835 astrorum.
933 765 1021 841 Hinc
1035 777 1095 848 est,
1114 766 1203 856 quod
1314 834 1317 843 ,

58 848 158 940 qirum
181 863 272 918 certe
290 863 435 940 ternpore
457 872 582 938 semper
613 850 752 929 oriatur,
787 874 851 916 non
877 863 984 919 tamen
1005 874 1132 941 semper
1153 863 1218 927 est'

57 936 165 1002 noxia.
208 936 314 1003 Durat
335 947 441 1002 autem
467 934 534 1024 ejus
554 935 699 1003 violentia
721 937 907 1026 plerumque
927 948 995 1004 toto
1017 945 1112 1018 auno,
1135 937 1204 1027 ple·

57 1044 196 1110 rumque
223 1021 336 1090 diebus
365 1020 486 1110 paucis.
538 1020 620 1087 Inde
641 1036 705 1090 est:
748 1023 797 1088 Et
824 1024 862 1088 in
890 1033 1002 1089 toturn
1035 1033 1204 1112 regnaret
1245 1029 1278 1089 .'

58 1108 181 1175 Sirius
201 1130 345 1172 annum.
388 1110 528 1195 Apparet
556 1109 785 1192 autemOanis
813 1117 887 1198 post
911 1108 1082 1188 Orionem,
1117 1108 1246 1198 ejus-lo
1280 1188 1285 1197 Ι

57 1215 125 1278 qne
146 1192 296 1278 fingitur,
326 1191 401 1259 dum
425 1203 509 1259 esset
532 1206 678 1271 venator,
713 1194 800 1260 canis
831 1194 938 1261 fuisse.
980 1194 1106 1261 Dicitur
1126 1217 1203 1263 vero
1279 1258 1281 1262 .

58 1277 164 1345 Sirius
185 1300 206 1342 a
228 1288 363 1357 tractu,
396 1277 429 1343 id
451 1275 719 1370 estlongitudine
743 1278 845 1366 sigui;
878 1273 964 1371 cripe
996 1280 1079 1347 enim
1101 1279 1204 1346 trabe

57 1365 296 1451 interpretatur.
359 1363 421 1431 Est
453 1370 590 1451 namque
618 1364 705 1431 sidus
735 1365 922 1441 maximum,
959 1363 1043 1432 adeo
1079 1374 1116 1431 ut
1143 1387 1204 1432 sua

56 1447 283 1536 magnitudine
303 1447 397 1536 triam
419 1448 585 1550 signorum
601 1451 738 1539 spatium
762 1448 907 1527 rideatur
928 1471 1110 1540 occupare..
1138 1451 1203 1518 Ora

56 1548 112 1605 tus
141 1534 210 1623 ejus
237 1533 367 1600 aestifer
396 1533 526 1616 dicutur,
562 1535 637 1623 quia
667 1559 777 1602 mense
805 1536 919 1616 Juuio,
972 1536 1097 1617 nando,
1134 1534 1245 1603 solalt
1273 1558 1277 1563 ·

56 1621 92 1686 in
123 1621 254 1686 Cancro
280 1619 400 1708 posito,
440 1643 519 1686 cum·
546 1621 616 1711 ipso
648 1623 748 1688 oritur
778 1621 893 1700 Canis,
926 1558 1029 1689 edent
1057 1621 1202 1691 homines

58 1707 158 1772 nimio
179 1705 252 1772 solis
272 1705 389 1771 ardore
410 1704 564 1772 laborare.
606 1705 673 1773 Sed
704 1706 835 1794 etipse
855 1706 959 1773 Orion
985 1705 1206 1793 magnitudine

57 1815 120 1859 sua
143 1791 247 1858 moltis
273 1792 373 1857 oritur
394 1788 522 1871 diebus;
552 1790 639 1859 unde
669 1792 737 1882 ejus
762 1793 857 1859 etiam
890 1790 979 1880 apud
1022 1793 1119 1860 eritos
1154 1803 1204 1860 est
1307 1840 1311 1857 .

57 1878 184 1944 ineerta
210 1888 392 1964 tempestas.
447 1877 558 1945 Oritur
593 1889 700 1945 autem
729 1900 808 1945 -cum
838 1877 907 1944 sole
933 1877 967 1943 in
1028 1901 1108 1947 auro
1138 1878 1206 1951 cxi-

38 1975 189 2047 ,stente
217 1962 282 2028 Hic
303 1961 352 2029 vel
373 1960 498 2028 Dianae
516 1963 657 2050 sagittis,
695 1964 742 2030 vel
762 1962 938 2052 scorpionis
967 1963 1080 2031 aculeo
1108 1963 1247 2051 fingi-ac

59 2061 114 2116 tur
133 2047 301 2114 interiisse.
344 2047 411 2113 Sed
432 2050 499 2115 veri
519 2048 647 2116 similius
669 2060 734 2130 est,
769 2061 804 2117 ut
825 2050 870 2117 ait
889 2049 1036 2131 Servius,
1074 2071 1204 2119 ascer-
1268 2072 1294 2097 ’κ

58 2135 158 2224 pione
178 2132 380 2200 interemtum
404 2155 493 2208 esse,
524 2134 611 2221 quod
633 2158 672 2200 eo
693 2136 817 2201 oriente
839 2133 975 2203 occidat.
1093 2186 1096 2193 .

46 2288 51 2300 ,
145 2222 179 2287 t.
220 2219 294 2284 Neu
318 2218 502 2299 abhorreas,
525 2219 611 2308 quod
628 2220 721 2310 juxta
742 2220 905 2288 stellarum
924 2231 1027 2287 status
1044 2240 1205 2321 prospera

57 2304 154 2373 uobis
176 2303 225 2369 rel
244 2303 380 2370 adversa
401 2302 549 2372 dicantur
577 2305 747 2388 destinari;
780 2316 815 2373 et
834 2303 915 2372 fides
939 2303 1095 2376 eatbolrcn
1116 2305 1204 2394 quod

58 2413 140 2461 sane
156 2389 267 2471 sentit,
299 2388 477 2457 firmissime
495 2390 717 2479 amplectatur.
759 2380 934 2478 Geutdium
962 2401 1070 2476 tamen
1096 2392 1247 2479 opinions
1291 2396 1296 2461 J

58 2475 180 2559 babet,
213 2488 344 2544 actuum
365 2486 550 2549 nostrorum
568 2488 841 2578 proventuumque
863 2477 1032 2550 varietates
1050 2475 1100 2546 vel
1120 2477 1151 2546 si
1170 2489 1205 2546 et

60 2571 223 2667 potestate
242 2560 383 2629 siderum
406 2563 549 2643 evenire,
587 2561 635 2629 vel
665 2565 706 2630 ab
727 2563 809 2650 ipsus
840 2561 906 2632 sive
933 2560 1107 2630 scientibus
1139 2562 1206 2629 sive

60 2648 185 2738 guaris
205 2646 317 2736 procul
340 2646 437 2715 dubio
459 2647 676 2737 praesignari;
709 2658 746 2714 ut
775 2658 808 2715 et
822 2668 912 2713 aues
941 2668 998 2712 seu
1020 2656 1206 2733 praetervo-

26 2793 30 2798 .
59 2732 158 2801 lando
179 2757 238 2799 seu
256 2731 371 2800 stando
395 2732 501 2801 futura
523 2735 633 2823 pennis
654 2733 702 2799 vel
722 2756 801 2800 voce
821 2731 1001 2818 significant
1018 2735 1206 2803 nescientes.
1324 2768 1328 2778 x

59 2820 136 2886 Nec
156 2821 289 2900 mirum,
319 2828 444 2886 nostras
471 2820 628 2891 sideribus
658 2819 798 2885 adscribi
824 2817 1064 2907 dispositiones,
1103 2822 1249 2909 quumao

61 2929 176 2973 omnes
206 2905 282 2970 dum
311 2905 441 2971 vivimus
469 2906 576 2973 omnia
605 2906 682 2993 ipsis
707 2905 839 2995 physica
868 2903 1004 2971 ratione·
1020 2902 1207 2975 debeamus.
1292 2924 1295 2928 ’

60 2991 136 3058 Nee
158 3014 243 3056 nnnc
263 2988 392 3078 quidem
414 2991 601 3069 catholicam
622 2993 654 3057 iu
676 2991 723 3057 bis
744 2991 924 3069 veritatem,
965 2987 1025 3058 sed
1045 2991 1225 3080 gentilitay

61 3078 102 3145 tis
125 3100 253 3165 expono
274 3077 439 3166 opiniones
460 3087 493 3144 et
514 3078 680 3165 figmenta.
711 3076 832 3143 Dicunt
851 3097 1007 3162 namque,
1028 3096 1086 3145 nos
1108 3100 1207 3165 quum

62 3164 152 3230 nasci
186 3164 403 3251 coeperimus,
439 3163 557 3229 aSole
585 3163 728 3252 spiritum
752 3160 876 3242 sortiri,
911 3160 1048 3230 aLuna
1077 3172 1205 3251 corpus,
1277 3234 1286 3255 A,

63 3271 83 3315 a
105 3250 211 3316 Marte
233 3248 440 3335 sanguinem,
473 3272 493 3315 a
513 3248 674 3314 Mercurio
694 3248 877 3335 ingenium,
907 3246 1028 3313 aJove
1047 3247 1253 3320 honorumtc
1274 3280 1289 3313 ..-

64 3333 276 3415 desiderium,
297 3358 317 3400 a
337 3333 465 3401 Venere
486 3332 692 3423 cupiditates,
714 3357 733 3400 a
752 3334 893 3405 Saturno
913 3330 1097 3414 humorem
1121 3357 1207 3423 quae

65 3421 171 3487 omnia
193 3421 241 3486 sin
269 3419 326 3487 ulis
347 3418 485 3487 reddere
511 3424 658 3489 asserunt
678 3419 844 3489 extinctos.
884 3415 955 3493 ,Alii
984 3417 1067 3489 haec
1089 3429 1123 3486 et
1150 3419 1207 3503 ali·

65 3519 116 3576 ter
138 3518 172 3574 ct
191 3442 342 3595 prolixius
363 3503 503 3574 tradunt.
546 3506 611 3574 Hic
635 3516 669 3573 et
685 3502 770 3572 istud
794 3500 981 3571 Servianum
1002 3503 1150 3574 sufficiat.

46 3654 52 3661 ,
152 3594 183 3659 8.
228 3591 325 3668 Quod
346 3591 525 3680 palaestrae
551 3593 696 3660 inventor
715 3591 756 3659 sit
774 3587 970 3666 Mercurius,
1000 3586 1075 3655 ideo
1095 3590 1208 3658 fictum

65 3676 347 3764 dieit‘Remigios,
376 3678 451 3765 quia
470 3677 558 3749 stella
580 3679 647 3766 ejus
670 3700 744 3759 cum
762 3675 832 3745 sole
851 3673 1088 3829 quodammodo
1105 3673 1252 3751 lucta-uo
1311 3691 1330 3743 .·

66 3775 120 3836 tur
144 3765 292 3851 etquasi
314 3772 496 3844 concertat,
533 3763 620 3833 illum
641 3784 794 3852 superare
821 3784 859 3830 vo
872 3780 947 3838 ens;
975 3782 1043 3826 sem
1067 3781 1103 3829 er
1124 3761 1208 3829 enim

65 3872 142 3917 cum
165 3849 233 3916 sole
260 3848 425 3938 graditur,
465 3871 638 3939 numquam
665 3852 707 3917 ab
736 3871 775 3914 eo
808 3871 859 3917 arn
882 3844 940 3914 lius
965 3843 1028 3911 XX
1081 3845 1208 3917 (luobus

66 3935 216 4025 passibus
238 3933 374 4015 distans3
404 3933 490 4003 unde
510 3946 545 4004 et
564 3958 638 4002 raro
660 3936 808 4005 cernitur.
877 3952 971 3999 oscus
992 3931 1087 4003 etiam
1109 3955 1207 4022 prop-

66 4034 118 4093 ter
139 4021 289 4092 ardorem
317 4021 391 4089 solis
421 4021 613 4111 depingitur.
670 4022 802 4090 Necte
830 4015 943 4095 lateat,
976 4037 1035 4103 pro
1064 4016 1208 4089 locorum

68 4108 253 4179 diversitate
279 4108 384 4202 ipsum
407 4130 538 4197 quoque
564 4120 598 4179 et
614 4106 738 4177 divema
765 4102 892 4179 nomina
921 4110 954 4173 et
975 4099 1116 4174 diversas
1137 4125 1249 4177 sor-4⁵

21 4248 30 4262 .
68 4194 120 4268 tiri
143 4194 299 4281 effigies⁸¹
323 4194 466 4268 Vocatur
493 4193 576 4267 enirn
597 4193 759 4285 Cyllenius
781 4215 801 4265 a
826 4196 933 4259 monto
954 4185 1115 4261 Arcadiae
1131 4187 1216 4273 <aql-
