<?xml version="1.0" encoding="UTF-8"?>
<!DOCTYPE html PUBLIC "-//W3C//DTD XHTML 1.0 Transitional//EN"
    "http://www.w3.org/TR/xhtml1/DTD/xhtml1-transitional.dtd">
<html xmlns="http://www.w3.org/1999/xhtml" xml:lang="en" lang="en">
 <head>
  <title>
</title>
<meta http-equiv="Content-Type" content="text/html;charset=utf-8" />
  <meta name='ocr-system' content='tesseract 3.04.00' />
  <meta name='ocr-capabilities' content='ocr_page ocr_carea ocr_par ocr_line ocrx_word'/>
</head>
<body>
  <div class='ocr_page' id='page_1' title='image "./scriptoresrereu00bodegoog_0250.png"; bbox 0 0 2692 4606; ppageno 0'>
   <div class='ocr_carea' id='block_1_1' title="bbox 219 183 1203 305">
    <p class='ocr_par' dir='ltr' id='par_1_1' title="bbox 219 183 1203 305">
     <span class='ocr_line' id='line_1_1' title="bbox 219 183 1203 305; baseline 0.005 -44"><span class='ocrx_word' id='word_1_1' title='bbox 219 269 225 277; x_wconf 44' lang='grc'>,</span> <span class='ocrx_word' id='word_1_2' title='bbox 327 183 730 289; x_wconf 58' lang='lat' dir='ltr'><strong><em>Mplhogr.lll..10.</em></strong></span> <span class='ocrx_word' id='word_1_3' title='bbox 783 185 875 260; x_wconf 85' lang='lat' dir='ltr'><strong><em>ll·-</em></strong></span> <span class='ocrx_word' id='word_1_4' title='bbox 893 185 933 271; x_wconf 76' lang='grc' dir='ltr'><strong><em>7.Ι</em></strong></span> <span class='ocrx_word' id='word_1_5' title='bbox 1035 253 1038 256; x_wconf 91' lang='grc'>.</span> <span class='ocrx_word' id='word_1_6' title='bbox 1120 187 1203 305; x_wconf 73' lang='lat'><strong><em>225</em></strong></span> 
     </span>
    </p>
   </div>
   <div class='ocr_carea' id='block_1_2' title="bbox 10 357 1332 4318">
    <p class='ocr_par' dir='ltr' id='par_1_2' title="bbox 54 357 1311 974">
     <span class='ocr_line' id='line_1_2' title="bbox 114 357 1201 464; baseline 0.005 -25"><span class='ocrx_word' id='word_1_7' title='bbox 114 455 119 461; x_wconf 14' lang='grc' dir='ltr'>ἱ</span> <span class='ocrx_word' id='word_1_8' title='bbox 140 367 192 439; x_wconf 81' lang='lat' dir='ltr'><strong><em>—V</em></strong></span> <span class='ocrx_word' id='word_1_9' title='bbox 187 369 222 436; x_wconf 89' lang='lat' dir='ltr'><strong><em>el</em></strong></span> <span class='ocrx_word' id='word_1_10' title='bbox 235 357 345 459; x_wconf 80' lang='lat' dir='ltr'><strong><em>pater</em></strong></span> <span class='ocrx_word' id='word_1_11' title='bbox 359 372 577 462; x_wconf 82' lang='lat' dir='ltr'><strong><em>omnipotens</em></strong></span> <span class='ocrx_word' id='word_1_12' title='bbox 590 370 720 464; x_wconf 79' lang='lat' dir='ltr'><strong><em>adigat</em></strong></span> <span class='ocrx_word' id='word_1_13' title='bbox 738 394 794 440; x_wconf 83' lang='lat' dir='ltr'><strong><em>me</em></strong></span> <span class='ocrx_word' id='word_1_14' title='bbox 804 369 965 462; x_wconf 81' lang='lat' dir='ltr'><strong><em>fulmine</em></strong></span> <span class='ocrx_word' id='word_1_15' title='bbox 985 372 1034 440; x_wconf 84' lang='lat' dir='ltr'><strong><em>acl</em></strong></span> <span class='ocrx_word' id='word_1_16' title='bbox 1050 372 1201 452; x_wconf 78' lang='lat' dir='ltr'><strong><em>umbrae.</em></strong></span> 
     </span>
     <span class='ocr_line' id='line_1_3' title="bbox 56 454 1276 546; baseline 0 -20"><span class='ocrx_word' id='word_1_17' title='bbox 56 457 122 528; x_wconf 72' lang='lat' dir='ltr'><strong><em>Est</em></strong></span> <span class='ocrx_word' id='word_1_18' title='bbox 164 454 230 523; x_wconf 92' lang='lat' dir='ltr'><strong><em>uod</em></strong></span> <span class='ocrx_word' id='word_1_19' title='bbox 249 459 455 546; x_wconf 66' lang='lat' dir='ltr'><strong><em>praesagiat,</em></strong></span> <span class='ocrx_word' id='word_1_20' title='bbox 483 470 538 526; x_wconf 83' lang='lat' dir='ltr'><strong><em>ut:</em></strong></span> <span class='ocrx_word' id='word_1_21' title='bbox 591 500 594 513; x_wconf 58' lang='grc' dir='ltr'>ι</span> <span class='ocrx_word' id='word_1_22' title='bbox 907 464 910 468; x_wconf 76' lang='grc'><strong>’</strong></span> <span class='ocrx_word' id='word_1_23' title='bbox 1272 458 1276 473; x_wconf 68' lang='grc'><strong>“</strong></span> 
     </span>
     <span class='ocr_line' id='line_1_4' title="bbox 73 539 1295 629; baseline 0 -22"><span class='ocrx_word' id='word_1_24' title='bbox 73 614 76 620; x_wconf 56' lang='grc'><strong><em>,</em></strong></span> <span class='ocrx_word' id='word_1_25' title='bbox 183 567 205 607; x_wconf 86' lang='lat' dir='ltr'><strong><em>e</em></strong></span> <span class='ocrx_word' id='word_1_26' title='bbox 221 543 316 607; x_wconf 85' lang='lat' dir='ltr'><strong><em>caclo</em></strong></span> <span class='ocrx_word' id='word_1_27' title='bbox 337 555 453 609; x_wconf 80' lang='lat' dir='ltr'><strong><em>tactae</em></strong></span> <span class='ocrx_word' id='word_1_28' title='bbox 473 540 619 610; x_wconf 81' lang='lat' dir='ltr'><strong><em>memini</em></strong></span> <span class='ocrx_word' id='word_1_29' title='bbox 635 539 839 629; x_wconf 74' lang='lat' dir='ltr'><strong><em>praedicere</em></strong></span> <span class='ocrx_word' id='word_1_30' title='bbox 856 562 1012 629; x_wconf 83' lang='lat' dir='ltr'><strong><em>quercus.</em></strong></span> <span class='ocrx_word' id='word_1_31' title='bbox 1292 602 1295 607; x_wconf 91' lang='grc'><em>,</em></span> 
     </span>
     <span class='ocr_line' id='line_1_5' title="bbox 55 626 1278 716; baseline -0.002 -19"><span class='ocrx_word' id='word_1_32' title='bbox 55 629 139 697; x_wconf 87' lang='lat' dir='ltr'><strong><em>ldeo</em></strong></span> <span class='ocrx_word' id='word_1_33' title='bbox 160 629 261 697; x_wconf 88' lang='lat' dir='ltr'><strong><em>etiam</em></strong></span> <span class='ocrx_word' id='word_1_34' title='bbox 271 627 364 716; x_wconf 85' lang='lat' dir='ltr'><strong><em>juxta</em></strong></span> <span class='ocrx_word' id='word_1_35' title='bbox 387 629 534 696; x_wconf 87' lang='lat' dir='ltr'><strong><em>Servium</em></strong></span> <span class='ocrx_word' id='word_1_36' title='bbox 555 627 687 695; x_wconf 89' lang='lat' dir='ltr'><strong><em>maritus</em></strong></span> <span class='ocrx_word' id='word_1_37' title='bbox 709 626 842 694; x_wconf 88' lang='lat' dir='ltr'><strong><em>Veneris</em></strong></span> <span class='ocrx_word' id='word_1_38' title='bbox 874 627 1007 714; x_wconf 83' lang='lat' dir='ltr'><strong><em>fingitur</em></strong></span> <span class='ocrx_word' id='word_1_39' title='bbox 1028 626 1200 709; x_wconf 73' lang='lat' dir='ltr'>Vulcanus,</span> <span class='ocrx_word' id='word_1_40' title='bbox 1232 638 1278 677; x_wconf 75' lang='lat'><em>-··&#39;-</em></span> 
     </span>
     <span class='ocr_line' id='line_1_6' title="bbox 55 711 1226 804; baseline -0.001 -22"><span class='ocrx_word' id='word_1_41' title='bbox 55 717 134 804; x_wconf 84' lang='lat' dir='ltr'><strong><em>quia</em></strong></span> <span class='ocrx_word' id='word_1_42' title='bbox 165 714 327 783; x_wconf 83' lang='lat' dir='ltr'><strong><em>venerium</em></strong></span> <span class='ocrx_word' id='word_1_43' title='bbox 349 715 491 782; x_wconf 88' lang='lat' dir='ltr'><strong><em>ollieium</em></strong></span> <span class='ocrx_word' id='word_1_44' title='bbox 512 713 636 781; x_wconf 90' lang='lat' dir='ltr'><strong><em>nonnisi</em></strong></span> <span class='ocrx_word' id='word_1_45' title='bbox 655 712 763 780; x_wconf 89' lang='lat' dir='ltr'><strong><em>oalore</em></strong></span> <span class='ocrx_word' id='word_1_46' title='bbox 783 711 935 780; x_wconf 82' lang='lat' dir='ltr'><strong><em>consistit</em></strong></span> <span class='ocrx_word' id='word_1_47' title='bbox 976 711 1073 781; x_wconf 84' lang='lat' dir='ltr'>Unde</span> <span class='ocrx_word' id='word_1_48' title='bbox 1094 714 1226 802; x_wconf 75' lang='lat' dir='ltr'><strong><em>virgi-s</em></strong></span> 
     </span>
     <span class='ocr_line' id='line_1_7' title="bbox 54 798 1311 885; baseline -0.002 -17"><span class='ocrx_word' id='word_1_49' title='bbox 54 802 134 869; x_wconf 87' lang='lat' dir='ltr'><strong><em>lius:</em></strong></span> <span class='ocrx_word' id='word_1_50' title='bbox 164 799 352 885; x_wconf 74' lang='lat' dir='ltr'><strong><em>,Frigidus</em></strong></span> <span class='ocrx_word' id='word_1_51' title='bbox 373 801 411 865; x_wconf 80' lang='lat' dir='ltr'><strong><em>ia</em></strong></span> <span class='ocrx_word' id='word_1_52' title='bbox 424 801 477 867; x_wconf 89' lang='lat' dir='ltr'><strong><em>&#39;V</em></strong></span> <span class='ocrx_word' id='word_1_53' title='bbox 474 822 610 865; x_wconf 82' lang='lat' dir='ltr'><strong><em>caerem</em></strong></span> <span class='ocrx_word' id='word_1_54' title='bbox 632 798 756 864; x_wconf 85' lang='lat' dir='ltr'><strong><em>senior.</em></strong></span> <span class='ocrx_word' id='word_1_55' title='bbox 795 798 954 864; x_wconf 82' lang='lat' dir='ltr'><strong>Mulciber</strong></span> <span class='ocrx_word' id='word_1_56' title='bbox 970 812 1076 866; x_wconf 89' lang='lat' dir='ltr'><strong><em>autem</em></strong></span> <span class='ocrx_word' id='word_1_57' title='bbox 1097 799 1204 868; x_wconf 79' lang='lat' dir='ltr'><strong><em>dietus</em></strong></span> <span class='ocrx_word' id='word_1_58' title='bbox 1308 862 1311 866; x_wconf 85' lang='lat'><strong><em>.</em></strong></span> 
     </span>
     <span class='ocr_line' id='line_1_8' title="bbox 58 883 1112 974; baseline -0.006 -20"><span class='ocrx_word' id='word_1_59' title='bbox 58 898 128 968; x_wconf 91' lang='lat' dir='ltr'><strong><em>est,</em></strong></span> <span class='ocrx_word' id='word_1_60' title='bbox 150 885 226 974; x_wconf 85' lang='lat' dir='ltr'><strong><em>quia</em></strong></span> <span class='ocrx_word' id='word_1_61' title='bbox 246 886 331 972; x_wconf 80' lang='lat' dir='ltr'><strong><em>ignis</em></strong></span> <span class='ocrx_word' id='word_1_62' title='bbox 352 883 452 970; x_wconf 79' lang='lat' dir='ltr'><strong><em>ferri</em></strong></span> <span class='ocrx_word' id='word_1_63' title='bbox 474 885 623 951; x_wconf 88' lang='lat' dir='ltr'><strong><em>duritiam</em></strong></span> <span class='ocrx_word' id='word_1_64' title='bbox 644 884 761 952; x_wconf 83' lang='lat' dir='ltr'><strong>emollit</strong></span> <span class='ocrx_word' id='word_1_65' title='bbox 782 898 880 972; x_wconf 87' lang='lat' dir='ltr'><strong><em>atque</em></strong></span> <span class='ocrx_word' id='word_1_66' title='bbox 899 885 1080 950; x_wconf 73' lang='lat' dir='ltr'><strong><em>demulcet.</em></strong></span> <span class='ocrx_word' id='word_1_67' title='bbox 1108 918 1112 923; x_wconf 88' lang='lat'>·</span> 
     </span>
    </p>

    <p class='ocr_par' dir='ltr' id='par_1_3' title="bbox 46 967 1332 2601">
     <span class='ocr_line' id='line_1_9' title="bbox 145 967 1236 1058; baseline -0.003 -19"><span class='ocrx_word' id='word_1_68' title='bbox 145 974 178 1039; x_wconf 89' lang='grc'><strong><em>6.</em></strong></span> <span class='ocrx_word' id='word_1_69' title='bbox 220 973 269 1037; x_wconf 84' lang='lat' dir='ltr'><strong><em>Ad</em></strong></span> <span class='ocrx_word' id='word_1_70' title='bbox 291 969 470 1038; x_wconf 48' lang='lat' dir='ltr'><strong><em>‘Palladem</em></strong></span> <span class='ocrx_word' id='word_1_71' title='bbox 497 984 605 1037; x_wconf 90' lang='lat' dir='ltr'><strong><em>autem</em></strong></span> <span class='ocrx_word' id='word_1_72' title='bbox 633 968 785 1058; x_wconf 83' lang='lat' dir='ltr'><strong><em>deinceps</em></strong></span> <span class='ocrx_word' id='word_1_73' title='bbox 815 982 1021 1037; x_wconf 87' lang='lat' dir='ltr'><strong><em>revertamur.</em></strong></span> <span class='ocrx_word' id='word_1_74' title='bbox 1050 967 1236 1036; x_wconf 65' lang='lat' dir='ltr'><strong><em>&#39;Fabula‘</em></strong></span> 
     </span>
     <span class='ocr_line' id='line_1_10' title="bbox 59 1054 1204 1145; baseline -0.003 -19"><span class='ocrx_word' id='word_1_75' title='bbox 59 1059 176 1138; x_wconf 89' lang='lat' dir='ltr'><strong><em>habet,</em></strong></span> <span class='ocrx_word' id='word_1_76' title='bbox 196 1067 328 1145; x_wconf 86' lang='lat' dir='ltr'><strong><em>propter</em></strong></span> <span class='ocrx_word' id='word_1_77' title='bbox 347 1054 551 1122; x_wconf 77' lang='lat' dir='ltr'>Cassandrae</span> <span class='ocrx_word' id='word_1_78' title='bbox 570 1065 716 1144; x_wconf 85' lang='lat' dir='ltr'><strong>stuprum</strong></span> <span class='ocrx_word' id='word_1_79' title='bbox 736 1059 854 1122; x_wconf 78' lang='lat' dir='ltr'><strong><em>iratant</em></strong></span> <span class='ocrx_word' id='word_1_80' title='bbox 870 1057 1005 1122; x_wconf 83' lang='lat' dir='ltr'><strong><em>Graecis</em></strong></span> <span class='ocrx_word' id='word_1_81' title='bbox 1024 1055 1123 1122; x_wconf 85' lang='lat' dir='ltr'><strong><em>luisse</em></strong></span> <span class='ocrx_word' id='word_1_82' title='bbox 1142 1056 1204 1122; x_wconf 85' lang='lat' dir='ltr'><strong><em>Mi-</em></strong></span> 
     </span>
     <span class='ocr_line' id='line_1_11' title="bbox 59 1141 1244 1230; baseline 0.002 -20"><span class='ocrx_word' id='word_1_83' title='bbox 59 1166 210 1224; x_wconf 88' lang='lat' dir='ltr'><strong><em>nervam‚</em></strong></span> <span class='ocrx_word' id='word_1_84' title='bbox 239 1141 287 1209; x_wconf 88' lang='lat' dir='ltr'><strong><em>vel</em></strong></span> <span class='ocrx_word' id='word_1_85' title='bbox 308 1141 395 1228; x_wconf 88' lang='lat' dir='ltr'><strong><em>quod</em></strong></span> <span class='ocrx_word' id='word_1_86' title='bbox 419 1143 448 1206; x_wconf 92' lang='lat' dir='ltr'><strong><em>ei</em></strong></span> <span class='ocrx_word' id='word_1_87' title='bbox 479 1144 615 1209; x_wconf 82' lang='lat' dir='ltr'><strong><em>victores</em></strong></span> <span class='ocrx_word' id='word_1_88' title='bbox 643 1144 793 1230; x_wconf 89' lang='lat' dir='ltr'><strong><em>superbia</em></strong></span> <span class='ocrx_word' id='word_1_89' title='bbox 813 1142 997 1207; x_wconf 82' lang='lat' dir='ltr'><strong><em>sacrificare</em></strong></span> <span class='ocrx_word' id='word_1_90' title='bbox 1024 1141 1244 1213; x_wconf 82' lang='lat' dir='ltr'><strong><em>uolueruntta</em></strong></span> 
     </span>
     <span class='ocr_line' id='line_1_12' title="bbox 59 1225 1203 1317; baseline -0.002 -20"><span class='ocrx_word' id='word_1_91' title='bbox 59 1229 159 1297; x_wconf 89' lang='lat' dir='ltr'><strong><em>Unde</em></strong></span> <span class='ocrx_word' id='word_1_92' title='bbox 174 1251 231 1295; x_wconf 90' lang='lat' dir='ltr'><strong><em>eos</em></strong></span> <span class='ocrx_word' id='word_1_93' title='bbox 248 1227 420 1293; x_wconf 89' lang='lat' dir='ltr'><strong><em>redeuntes</em></strong></span> <span class='ocrx_word' id='word_1_94' title='bbox 434 1230 621 1313; x_wconf 80' lang='lat' dir='ltr'><strong><em>gravissima</em></strong></span> <span class='ocrx_word' id='word_1_95' title='bbox 634 1238 825 1315; x_wconf 77' lang='lat' dir='ltr'><strong><em>tempestate</em></strong></span> <span class='ocrx_word' id='word_1_96' title='bbox 839 1226 991 1314; x_wconf 81' lang='lat' dir='ltr'><strong><em>fatigatos</em></strong></span> <span class='ocrx_word' id='word_1_97' title='bbox 1004 1250 1064 1317; x_wconf 88' lang='lat' dir='ltr'><strong><em>per</em></strong></span> <span class='ocrx_word' id='word_1_98' title='bbox 1077 1225 1203 1295; x_wconf 87' lang='lat' dir='ltr'><strong><em>diversa</em></strong></span> 
     </span>
     <span class='ocr_line' id='line_1_13' title="bbox 58 1312 1205 1403; baseline -0.003 -21"><span class='ocrx_word' id='word_1_99' title='bbox 58 1317 162 1383; x_wconf 90' lang='lat' dir='ltr'><strong><em>maria</em></strong></span> <span class='ocrx_word' id='word_1_100' title='bbox 184 1313 342 1403; x_wconf 81' lang='lat' dir='ltr'><strong><em>dispersit.</em></strong></span> <span class='ocrx_word' id='word_1_101' title='bbox 393 1313 475 1378; x_wconf 87' lang='lat' dir='ltr'><strong><em>Inde</em></strong></span> <span class='ocrx_word' id='word_1_102' title='bbox 491 1315 665 1381; x_wconf 73' lang='lat' dir='ltr'><strong><em>Horatiust</em></strong></span> <span class='ocrx_word' id='word_1_103' title='bbox 709 1314 826 1396; x_wconf 86' lang='lat' dir='ltr'><strong><em>Quum</em></strong></span> <span class='ocrx_word' id='word_1_104' title='bbox 848 1312 975 1377; x_wconf 81' lang='lat' dir='ltr'><strong><em>Pallas</em></strong></span> <span class='ocrx_word' id='word_1_105' title='bbox 996 1325 1075 1376; x_wconf 82' lang='lat' dir='ltr'><strong><em>asto</em></strong></span> <span class='ocrx_word' id='word_1_106' title='bbox 1095 1314 1205 1379; x_wconf 81' lang='lat' dir='ltr'><strong><em>vertit</em></strong></span> 
     </span>
     <span class='ocr_line' id='line_1_14' title="bbox 49 1397 1204 1487; baseline 0.001 -24"><span class='ocrx_word' id='word_1_107' title='bbox 49 1403 156 1481; x_wconf 57' lang='lat' dir='ltr'><strong><em>iram</em></strong></span> <span class='ocrx_word' id='word_1_108' title='bbox 180 1397 224 1486; x_wconf 82' lang='lat' dir='ltr'><strong><em>ab</em></strong></span> <span class='ocrx_word' id='word_1_109' title='bbox 245 1399 313 1465; x_wconf 83' lang='lat' dir='ltr'><strong><em>llio</em></strong></span> <span class='ocrx_word' id='word_1_110' title='bbox 362 1398 491 1464; x_wconf 79' lang='lat' dir='ltr'><strong><em>Revera</em></strong></span> <span class='ocrx_word' id='word_1_111' title='bbox 519 1401 627 1467; x_wconf 86' lang='lat' dir='ltr'><strong><em>autom</em></strong></span> <span class='ocrx_word' id='word_1_112' title='bbox 656 1409 800 1478; x_wconf 83' lang='lat' dir='ltr'><strong><em>constat,</em></strong></span> <span class='ocrx_word' id='word_1_113' title='bbox 838 1398 984 1465; x_wconf 82' lang='lat' dir='ltr'><strong><em>Graecos</em></strong></span> <span class='ocrx_word' id='word_1_114' title='bbox 1012 1407 1204 1487; x_wconf 86' lang='lat' dir='ltr'><strong><em>tempestate</em></strong></span> 
     </span>
     <span class='ocr_line' id='line_1_15' title="bbox 60 1477 1299 1572; baseline -0.002 -21"><span class='ocrx_word' id='word_1_115' title='bbox 60 1484 255 1552; x_wconf 82' lang='lat' dir='ltr'><strong><em>laboravisse</em></strong></span> <span class='ocrx_word' id='word_1_116' title='bbox 275 1484 477 1569; x_wconf 86' lang='lat' dir='ltr'><strong><em>aequinoctio</em></strong></span> <span class='ocrx_word' id='word_1_117' title='bbox 499 1484 633 1565; x_wconf 89' lang='lat' dir='ltr'><strong><em>vernali,</em></strong></span> <span class='ocrx_word' id='word_1_118' title='bbox 653 1482 722 1549; x_wconf 89' lang='lat' dir='ltr'><strong><em>sole</em></strong></span> <span class='ocrx_word' id='word_1_119' title='bbox 743 1483 777 1549; x_wconf 94' lang='lat' dir='ltr'><strong><em>in</em></strong></span> <span class='ocrx_word' id='word_1_120' title='bbox 798 1482 905 1549; x_wconf 78' lang='lat' dir='ltr'><strong><em>Ariete</em></strong></span> <span class='ocrx_word' id='word_1_121' title='bbox 930 1483 1052 1571; x_wconf 91' lang='lat' dir='ltr'><strong><em>posito,</em></strong></span> <span class='ocrx_word' id='word_1_122' title='bbox 1073 1483 1203 1572; x_wconf 88' lang='lat' dir='ltr'><strong><em>quando</em></strong></span> <span class='ocrx_word' id='word_1_123' title='bbox 1291 1477 1299 1492; x_wconf 81' lang='lat'><em>&#39;</em></span> 
     </span>
     <span class='ocr_line' id='line_1_16' title="bbox 59 1567 1244 1657; baseline 0.001 -19"><span class='ocrx_word' id='word_1_124' title='bbox 59 1572 231 1639; x_wconf 88' lang='lat' dir='ltr'><strong><em>manubiae</em></strong></span> <span class='ocrx_word' id='word_1_125' title='bbox 257 1569 461 1650; x_wconf 86' lang='lat' dir='ltr'><strong><em>Minervales,</em></strong></span> <span class='ocrx_word' id='word_1_126' title='bbox 497 1570 531 1637; x_wconf 91' lang='lat' dir='ltr'><strong><em>id</em></strong></span> <span class='ocrx_word' id='word_1_127' title='bbox 561 1582 610 1637; x_wconf 91' lang='lat' dir='ltr'><strong><em>est</em></strong></span> <span class='ocrx_word' id='word_1_128' title='bbox 639 1569 803 1635; x_wconf 85' lang='lat' dir='ltr'><strong><em>luhuinuvn</em></strong></span> <span class='ocrx_word' id='word_1_129' title='bbox 830 1567 957 1657; x_wconf 88' lang='lat' dir='ltr'><strong><em>jactus,</em></strong></span> <span class='ocrx_word' id='word_1_130' title='bbox 994 1582 1244 1657; x_wconf 78' lang='lat' dir='ltr'><strong><em>tempestatestt</em></strong></span> 
     </span>
     <span class='ocr_line' id='line_1_17' title="bbox 59 1655 1203 1744; baseline -0.001 -22"><span class='ocrx_word' id='word_1_131' title='bbox 59 1658 265 1743; x_wconf 83' lang='lat' dir='ltr'><strong><em>gravissimas</em></strong></span> <span class='ocrx_word' id='word_1_132' title='bbox 297 1665 508 1722; x_wconf 76' lang='lat' dir='ltr'><strong><em>commovent.</em></strong></span> <span class='ocrx_word' id='word_1_133' title='bbox 559 1657 656 1722; x_wconf 85' lang='lat' dir='ltr'><strong><em>Haeo</em></strong></span> <span class='ocrx_word' id='word_1_134' title='bbox 689 1665 797 1720; x_wconf 87' lang='lat' dir='ltr'><strong><em>autem</em></strong></span> <span class='ocrx_word' id='word_1_135' title='bbox 822 1655 968 1734; x_wconf 88' lang='lat' dir='ltr'><strong><em>numina,</em></strong></span> <span class='ocrx_word' id='word_1_136' title='bbox 1009 1677 1093 1744; x_wconf 87' lang='lat' dir='ltr'><strong><em>quae</em></strong></span> <span class='ocrx_word' id='word_1_137' title='bbox 1120 1655 1203 1721; x_wconf 88' lang='lat' dir='ltr'><strong><em>inter</em></strong></span> 
     </span>
     <span class='ocr_line' id='line_1_18' title="bbox 46 1739 1205 1843; baseline -0.001 -37"><span class='ocrx_word' id='word_1_138' title='bbox 46 1744 171 1843; x_wconf 60' lang='lat' dir='ltr'><strong><em>pidera</em></strong></span> <span class='ocrx_word' id='word_1_139' title='bbox 192 1762 254 1806; x_wconf 88' lang='lat' dir='ltr'><strong><em>nou</em></strong></span> <span class='ocrx_word' id='word_1_140' title='bbox 281 1739 443 1822; x_wconf 88' lang='lat' dir='ltr'><strong><em>videmus,</em></strong></span> <span class='ocrx_word' id='word_1_141' title='bbox 476 1740 554 1808; x_wconf 88' lang='lat' dir='ltr'><strong><em>lieet</em></strong></span> <span class='ocrx_word' id='word_1_142' title='bbox 584 1743 679 1829; x_wconf 84' lang='lat' dir='ltr'><strong><em>signa</em></strong></span> <span class='ocrx_word' id='word_1_143' title='bbox 708 1752 767 1806; x_wconf 88' lang='lat' dir='ltr'><strong><em>s‘ua</em></strong></span> <span class='ocrx_word' id='word_1_144' title='bbox 799 1741 929 1828; x_wconf 87' lang='lat' dir='ltr'><strong><em>propria</em></strong></span> <span class='ocrx_word' id='word_1_145' title='bbox 958 1762 1022 1804; x_wconf 92' lang='lat' dir='ltr'><strong><em>non</em></strong></span> <span class='ocrx_word' id='word_1_146' title='bbox 1054 1740 1205 1828; x_wconf 71' lang='lat' dir='ltr'><strong><em>habeant,</em></strong></span> 
     </span>
     <span class='ocr_line' id='line_1_19' title="bbox 62 1826 1288 1916; baseline 0 -23"><span class='ocrx_word' id='word_1_147' title='bbox 62 1851 138 1893; x_wconf 90' lang='lat' dir='ltr'><strong><em>oum</em></strong></span> <span class='ocrx_word' id='word_1_148' title='bbox 160 1827 228 1894; x_wconf 89' lang='lat' dir='ltr'><strong><em>aliis</em></strong></span> <span class='ocrx_word' id='word_1_149' title='bbox 248 1838 408 1914; x_wconf 82' lang='lat' dir='ltr'><strong><em>potestate</em></strong></span> <span class='ocrx_word' id='word_1_150' title='bbox 427 1839 533 1895; x_wconf 88' lang='lat' dir='ltr'><strong><em>tamen</em></strong></span> <span class='ocrx_word' id='word_1_151' title='bbox 555 1828 712 1915; x_wconf 84' lang='lat' dir='ltr'><strong><em>permixta</em></strong></span> <span class='ocrx_word' id='word_1_152' title='bbox 732 1837 824 1906; x_wconf 88' lang='lat' dir='ltr'><strong><em>sunt,</em></strong></span> <span class='ocrx_word' id='word_1_153' title='bbox 857 1838 894 1894; x_wconf 91' lang='lat' dir='ltr'><strong><em>ut</em></strong></span> <span class='ocrx_word' id='word_1_154' title='bbox 914 1826 1105 1915; x_wconf 81' lang='lat' dir='ltr'><strong><em>Ophiuchus</em></strong></span> <span class='ocrx_word' id='word_1_155' title='bbox 1133 1827 1204 1916; x_wconf 85' lang='lat' dir='ltr'><strong><em>ipse</em></strong></span> <span class='ocrx_word' id='word_1_156' title='bbox 1283 1845 1288 1850; x_wconf 77' lang='grc'><em>“</em></span> 
     </span>
     <span class='ocr_line' id='line_1_20' title="bbox 55 1912 1203 2002; baseline 0.001 -23"><span class='ocrx_word' id='word_1_157' title='bbox 55 1926 116 1981; x_wconf 87' lang='lat' dir='ltr'><strong><em>est</em></strong></span> <span class='ocrx_word' id='word_1_158' title='bbox 132 1912 356 2002; x_wconf 81' lang='lat' dir='ltr'><strong><em>Aesculapius3</em></strong></span> <span class='ocrx_word' id='word_1_159' title='bbox 379 1912 511 1979; x_wconf 83' lang='lat' dir='ltr'><strong><em>Gemini.</em></strong></span> <span class='ocrx_word' id='word_1_160' title='bbox 527 1936 657 2001; x_wconf 86' lang='lat' dir='ltr'><strong><em>quoque</em></strong></span> <span class='ocrx_word' id='word_1_161' title='bbox 676 1912 826 2000; x_wconf 83' lang='lat' dir='ltr'><strong><em>Apollinis</em></strong></span> <span class='ocrx_word' id='word_1_162' title='bbox 847 1923 881 1978; x_wconf 89' lang='lat' dir='ltr'><strong><em>et</em></strong></span> <span class='ocrx_word' id='word_1_163' title='bbox 903 1912 1054 1978; x_wconf 85' lang='lat' dir='ltr'><strong><em>Herculis</em></strong></span> <span class='ocrx_word' id='word_1_164' title='bbox 1075 1913 1203 2001; x_wconf 80' lang='lat' dir='ltr'><strong><em>signum</em></strong></span> 
     </span>
     <span class='ocr_line' id='line_1_21' title="bbox 62 1998 1246 2086; baseline 0.001 -21"><span class='ocrx_word' id='word_1_165' title='bbox 62 2022 138 2066; x_wconf 89' lang='lat' dir='ltr'><strong><em>esse</em></strong></span> <span class='ocrx_word' id='word_1_166' title='bbox 158 2000 315 2065; x_wconf 87' lang='lat' dir='ltr'><strong><em>dicuntur.</em></strong></span> <span class='ocrx_word' id='word_1_167' title='bbox 358 1998 415 2064; x_wconf 84' lang='lat' dir='ltr'><strong><em>Sin</em></strong></span> <span class='ocrx_word' id='word_1_168' title='bbox 436 1999 471 2066; x_wconf 89' lang='lat' dir='ltr'><strong><em>et&#39;</em></strong></span> <span class='ocrx_word' id='word_1_169' title='bbox 487 2000 578 2066; x_wconf 84' lang='lat' dir='ltr'><strong><em>Aries</em></strong></span> <span class='ocrx_word' id='word_1_170' title='bbox 592 2000 755 2065; x_wconf 88' lang='lat' dir='ltr'><strong><em>Minervae</em></strong></span> <span class='ocrx_word' id='word_1_171' title='bbox 775 1999 902 2086; x_wconf 84' lang='lat' dir='ltr'><strong><em>signum</em></strong></span> <span class='ocrx_word' id='word_1_172' title='bbox 921 2021 992 2066; x_wconf 86' lang='lat' dir='ltr'><strong><em>esse</em></strong></span> <span class='ocrx_word' id='word_1_173' title='bbox 1010 1998 1246 2082; x_wconf 76' lang='lat' dir='ltr'><strong><em>dinoscitur;ao</em></strong></span> 
     </span>
     <span class='ocr_line' id='line_1_22' title="bbox 60 2083 1253 2236; baseline 0.001 -85"><span class='ocrx_word' id='word_1_174' title='bbox 60 2085 202 2236; x_wconf 72' lang='lat' dir='ltr'><strong><em>ideotpe</em></strong></span> <span class='ocrx_word' id='word_1_175' title='bbox 222 2085 366 2151; x_wconf 88' lang='lat' dir='ltr'><strong><em>Minerva</em></strong></span> <span class='ocrx_word' id='word_1_176' title='bbox 387 2085 489 2152; x_wconf 79' lang='lat' dir='ltr'><strong><em>ferun</em></strong></span> <span class='ocrx_word' id='word_1_177' title='bbox 510 2086 657 2177; x_wconf 84' lang='lat' dir='ltr'><strong><em>Graecos</em></strong></span> <span class='ocrx_word' id='word_1_178' title='bbox 680 2083 824 2172; x_wconf 82' lang='lat' dir='ltr'><strong><em>punisse,</em></strong></span> <span class='ocrx_word' id='word_1_179' title='bbox 845 2083 934 2234; x_wconf 63' lang='lat' dir='ltr'><strong><em>«pund</em></strong></span> <span class='ocrx_word' id='word_1_180' title='bbox 955 2084 1014 2151; x_wconf 87' lang='lat' dir='ltr'><strong><em>sub</em></strong></span> <span class='ocrx_word' id='word_1_181' title='bbox 1035 2085 1087 2151; x_wconf 94' lang='lat' dir='ltr'><strong><em>illo</em></strong></span> <span class='ocrx_word' id='word_1_182' title='bbox 1109 2087 1205 2174; x_wconf 84' lang='lat' dir='ltr'><strong><em>signo</em></strong></span> <span class='ocrx_word' id='word_1_183' title='bbox 1246 2125 1253 2133; x_wconf 93' lang='lat'>·</span> 
     </span>
     <span class='ocr_line' id='line_1_23' title="bbox 60 2169 1205 2261; baseline 0.002 -25"><span class='ocrx_word' id='word_1_184' title='bbox 60 2171 231 2261; x_wconf 88' lang='lat' dir='ltr'><strong><em>perioitati</em></strong></span> <span class='ocrx_word' id='word_1_185' title='bbox 264 2181 348 2236; x_wconf 85' lang='lat' dir='ltr'><strong><em>sunt.</em></strong></span> <span class='ocrx_word' id='word_1_186' title='bbox 405 2171 511 2236; x_wconf 67' lang='lat' dir='ltr'><strong><em>sane</em></strong></span> <span class='ocrx_word' id='word_1_187' title='bbox 527 2171 560 2236; x_wconf 91' lang='lat' dir='ltr'><strong><em>iu</em></strong></span> <span class='ocrx_word' id='word_1_188' title='bbox 598 2171 810 2237; x_wconf 83' lang='lat' dir='ltr'><strong><em>Etruseorum</em></strong></span> <span class='ocrx_word' id='word_1_189' title='bbox 863 2169 939 2237; x_wconf 83' lang='lat' dir='ltr'><strong><em>’bris</em></strong></span> <span class='ocrx_word' id='word_1_190' title='bbox 983 2169 1101 2239; x_wconf 86' lang='lat' dir='ltr'><strong><em>lectum</em></strong></span> <span class='ocrx_word' id='word_1_191' title='bbox 1144 2184 1205 2253; x_wconf 88' lang='lat' dir='ltr'><strong><em>est,</em></strong></span> 
     </span>
     <span class='ocr_line' id='line_1_24' title="bbox 63 2253 1306 2351; baseline -0.003 -27"><span class='ocrx_word' id='word_1_192' title='bbox 63 2267 158 2351; x_wconf 70' lang='lat' dir='ltr'><strong><em>oerta</em></strong></span> <span class='ocrx_word' id='word_1_193' title='bbox 175 2279 248 2323; x_wconf 89' lang='lat' dir='ltr'><strong><em>esse</em></strong></span> <span class='ocrx_word' id='word_1_194' title='bbox 268 2257 396 2323; x_wconf 87' lang='lat' dir='ltr'><strong><em>numina</em></strong></span> <span class='ocrx_word' id='word_1_195' title='bbox 411 2256 519 2346; x_wconf 84' lang='lat' dir='ltr'><strong><em>jactus</em></strong></span> <span class='ocrx_word' id='word_1_196' title='bbox 543 2254 705 2324; x_wconf 79' lang='lat' dir='ltr'><strong><em>fulminum</em></strong></span> <span class='ocrx_word' id='word_1_197' title='bbox 726 2253 947 2343; x_wconf 82' lang='lat' dir='ltr'><strong><em>possidentia,</em></strong></span> <span class='ocrx_word' id='word_1_198' title='bbox 969 2255 1083 2323; x_wconf 89' lang='lat' dir='ltr'><strong><em>Jovem</em></strong></span> <span class='ocrx_word' id='word_1_199' title='bbox 1114 2257 1206 2322; x_wconf 89' lang='lat' dir='ltr'><strong><em>vide·</em></strong></span> <span class='ocrx_word' id='word_1_200' title='bbox 1265 2277 1306 2320; x_wconf 61' lang='lat' dir='ltr'><strong><em>:a</em></strong></span> 
     </span>
     <span class='ocr_line' id='line_1_25' title="bbox 61 2340 1332 2444; baseline 0.003 -35"><span class='ocrx_word' id='word_1_201' title='bbox 61 2343 154 2422; x_wconf 85' lang='lat' dir='ltr'><strong><em>lieet,</em></strong></span> <span class='ocrx_word' id='word_1_202' title='bbox 187 2342 363 2410; x_wconf 80' lang='lat' dir='ltr'><strong><em>Vulcanum</em></strong></span> <span class='ocrx_word' id='word_1_203' title='bbox 392 2353 426 2409; x_wconf 89' lang='lat' dir='ltr'><strong><em>et</em></strong></span> <span class='ocrx_word' id='word_1_204' title='bbox 452 2342 636 2410; x_wconf 88' lang='lat' dir='ltr'><strong><em>Minervam.</em></strong></span> <span class='ocrx_word' id='word_1_205' title='bbox 694 2341 793 2407; x_wconf 87' lang='lat' dir='ltr'><strong><em>Unde</em></strong></span> <span class='ocrx_word' id='word_1_206' title='bbox 824 2364 842 2406; x_wconf 92' lang='lat' dir='ltr'><strong><em>a</em></strong></span> <span class='ocrx_word' id='word_1_207' title='bbox 868 2340 912 2406; x_wconf 90' lang='lat' dir='ltr'><strong><em>ud</em></strong></span> <span class='ocrx_word' id='word_1_208' title='bbox 943 2345 1055 2428; x_wconf 75' lang='lat' dir='ltr'><strong><em>poe&#39;tas</em></strong></span> <span class='ocrx_word' id='word_1_209' title='bbox 1085 2342 1205 2444; x_wconf 72' lang='lat' dir='ltr'><strong><em>ubique</em></strong></span> <span class='ocrx_word' id='word_1_210' title='bbox 1329 2392 1332 2397; x_wconf 89' lang='lat'>-</span> 
     </span>
     <span class='ocr_line' id='line_1_26' title="bbox 63 2424 1245 2514; baseline 0.004 -20"><span class='ocrx_word' id='word_1_211' title='bbox 63 2439 200 2495; x_wconf 81' lang='lat' dir='ltr'><strong><em>caurum·</em></strong></span> <span class='ocrx_word' id='word_1_212' title='bbox 228 2429 423 2507; x_wconf 86' lang='lat' dir='ltr'><strong><em>invenimus,</em></strong></span> <span class='ocrx_word' id='word_1_213' title='bbox 471 2449 511 2493; x_wconf 85' lang='lat' dir='ltr'><strong><em>ne</em></strong></span> <span class='ocrx_word' id='word_1_214' title='bbox 553 2427 619 2494; x_wconf 90' lang='lat' dir='ltr'><strong><em>aliis</em></strong></span> <span class='ocrx_word' id='word_1_215' title='bbox 656 2424 785 2493; x_wconf 77' lang='lat' dir='ltr'><strong><em>fulmina</em></strong></span> <span class='ocrx_word' id='word_1_216' title='bbox 849 2448 906 2493; x_wconf 90' lang='lat' dir='ltr'><strong><em>are</em></strong></span> <span class='ocrx_word' id='word_1_217' title='bbox 945 2440 1245 2514; x_wconf 64' lang='lat' dir='ltr'><strong><em>praesumentum</em></strong></span> 
     </span>
     <span class='ocr_line' id='line_1_27' title="bbox 64 2511 1205 2601; baseline -0.001 -20"><span class='ocrx_word' id='word_1_218' title='bbox 64 2514 177 2592; x_wconf 87' lang='lat' dir='ltr'><strong><em>Oliva,</em></strong></span> <span class='ocrx_word' id='word_1_219' title='bbox 215 2535 300 2601; x_wconf 87' lang='lat' dir='ltr'><strong><em>quae</em></strong></span> <span class='ocrx_word' id='word_1_220' title='bbox 336 2513 464 2600; x_wconf 85' lang='lat' dir='ltr'><strong><em>signum</em></strong></span> <span class='ocrx_word' id='word_1_221' title='bbox 501 2514 589 2600; x_wconf 86' lang='lat' dir='ltr'><strong><em>pacis</em></strong></span> <span class='ocrx_word' id='word_1_222' title='bbox 628 2524 678 2580; x_wconf 85' lang='lat' dir='ltr'><strong><em>ast</em></strong></span> <span class='ocrx_word' id='word_1_223' title='bbox 703 2511 809 2599; x_wconf 84' lang='lat' dir='ltr'><strong><em>(unde</em></strong></span> <span class='ocrx_word' id='word_1_224' title='bbox 839 2522 873 2579; x_wconf 90' lang='lat' dir='ltr'><strong><em>et</em></strong></span> <span class='ocrx_word' id='word_1_225' title='bbox 900 2534 1017 2577; x_wconf 90' lang='lat' dir='ltr'><strong><em>nomen</em></strong></span> <span class='ocrx_word' id='word_1_226' title='bbox 1048 2514 1205 2580; x_wconf 87' lang='lat' dir='ltr'><strong><em>invenisse</em></strong></span> 
     </span>
    </p>

    <p class='ocr_par' dir='ltr' id='par_1_4' title="bbox 10 2596 1247 3204">
     <span class='ocr_line' id='line_1_28' title="bbox 10 2596 1205 2686; baseline 0 -21"><span class='ocrx_word' id='word_1_227' title='bbox 10 2670 20 2676; x_wconf 61' lang='grc'><strong>,</strong></span> <span class='ocrx_word' id='word_1_228' title='bbox 54 2599 208 2678; x_wconf 82' lang='lat' dir='ltr'><strong><em>&#39;videtur3</em></strong></span> <span class='ocrx_word' id='word_1_229' title='bbox 242 2602 339 2674; x_wconf 78' lang='grc' dir='ltr'><strong><em>ἔλεος.</em></strong></span> <span class='ocrx_word' id='word_1_230' title='bbox 355 2599 438 2664; x_wconf 89' lang='lat' dir='ltr'><strong><em>enim</em></strong></span> <span class='ocrx_word' id='word_1_231' title='bbox 460 2601 589 2663; x_wconf 84' lang='lat' dir='ltr'><strong><em>Graece</em></strong></span> <span class='ocrx_word' id='word_1_232' title='bbox 607 2596 825 2667; x_wconf 84' lang='lat' dir='ltr'><strong><em>misericordia</em></strong></span> <span class='ocrx_word' id='word_1_233' title='bbox 852 2597 1099 2686; x_wconf 85' lang='lat' dir='ltr'><strong><em>interpretatur)</em></strong></span> <span class='ocrx_word' id='word_1_234' title='bbox 1128 2599 1205 2665; x_wconf 88' lang='lat' dir='ltr'><strong><em>Pal-</em></strong></span> 
     </span>
     <span class='ocr_line' id='line_1_29' title="bbox 63 2682 1205 2773; baseline 0 -21"><span class='ocrx_word' id='word_1_235' title='bbox 63 2685 147 2765; x_wconf 90' lang='lat' dir='ltr'><strong><em>ladi‚</em></strong></span> <span class='ocrx_word' id='word_1_236' title='bbox 192 2695 306 2772; x_wconf 88' lang='lat' dir='ltr'><strong><em>utpote</em></strong></span> <span class='ocrx_word' id='word_1_237' title='bbox 346 2682 429 2750; x_wconf 90' lang='lat' dir='ltr'><strong><em>deae</em></strong></span> <span class='ocrx_word' id='word_1_238' title='bbox 464 2685 656 2771; x_wconf 86' lang='lat' dir='ltr'><strong><em>sapientiae,</em></strong></span> <span class='ocrx_word' id='word_1_239' title='bbox 705 2684 820 2752; x_wconf 87' lang='lat' dir='ltr'><strong><em>merito</em></strong></span> <span class='ocrx_word' id='word_1_240' title='bbox 857 2697 1082 2767; x_wconf 59' lang='lat' dir='ltr'><strong><em>consecratum</em></strong></span> <span class='ocrx_word' id='word_1_241' title='bbox 1117 2683 1205 2773; x_wconf 85' lang='lat' dir='ltr'><strong><em>quod</em></strong></span> 
     </span>
     <span class='ocr_line' id='line_1_30' title="bbox 65 2768 1204 2860; baseline -0.003 -21"><span class='ocrx_word' id='word_1_242' title='bbox 65 2770 257 2860; x_wconf 88' lang='lat' dir='ltr'><strong><em>sapientium</em></strong></span> <span class='ocrx_word' id='word_1_243' title='bbox 279 2770 321 2836; x_wconf 89' lang='lat' dir='ltr'><strong><em>sit</em></strong></span> <span class='ocrx_word' id='word_1_244' title='bbox 341 2780 375 2837; x_wconf 89' lang='lat' dir='ltr'><strong><em>et</em></strong></span> <span class='ocrx_word' id='word_1_245' title='bbox 394 2792 509 2859; x_wconf 87' lang='lat' dir='ltr'><strong><em>paoem</em></strong></span> <span class='ocrx_word' id='word_1_246' title='bbox 530 2792 648 2851; x_wconf 89' lang='lat' dir='ltr'><strong><em>amare,</em></strong></span> <span class='ocrx_word' id='word_1_247' title='bbox 670 2779 704 2836; x_wconf 89' lang='lat' dir='ltr'><strong><em>et</em></strong></span> <span class='ocrx_word' id='word_1_248' title='bbox 721 2770 806 2839; x_wconf 88' lang='lat' dir='ltr'><strong><em>inter</em></strong></span> <span class='ocrx_word' id='word_1_249' title='bbox 823 2768 990 2836; x_wconf 84' lang='lat' dir='ltr'><strong><em>discordes</em></strong></span> <span class='ocrx_word' id='word_1_250' title='bbox 1012 2793 1083 2838; x_wconf 88' lang='lat' dir='ltr'><strong><em>eam</em></strong></span> <span class='ocrx_word' id='word_1_251' title='bbox 1104 2793 1204 2859; x_wconf 90' lang='lat' dir='ltr'><strong><em>quan-</em></strong></span> 
     </span>
     <span class='ocr_line' id='line_1_31' title="bbox 50 2855 1247 2944; baseline -0.003 -18"><span class='ocrx_word' id='word_1_252' title='bbox 50 2857 172 2926; x_wconf 87' lang='lat' dir='ltr'><strong><em>‘tooius</em></strong></span> <span class='ocrx_word' id='word_1_253' title='bbox 192 2855 379 2922; x_wconf 88' lang='lat' dir='ltr'><strong><em>reformare.</em></strong></span> <span class='ocrx_word' id='word_1_254' title='bbox 423 2856 469 2923; x_wconf 91' lang='lat' dir='ltr'><strong><em>Ut</em></strong></span> <span class='ocrx_word' id='word_1_255' title='bbox 488 2866 595 2922; x_wconf 87' lang='lat' dir='ltr'><strong><em>autem</em></strong></span> <span class='ocrx_word' id='word_1_256' title='bbox 614 2857 647 2923; x_wconf 92' lang='lat' dir='ltr'><strong><em>in</em></strong></span> <span class='ocrx_word' id='word_1_257' title='bbox 669 2855 756 2942; x_wconf 84' lang='lat' dir='ltr'><strong><em>pacis</em></strong></span> <span class='ocrx_word' id='word_1_258' title='bbox 779 2855 932 2944; x_wconf 91' lang='lat' dir='ltr'><strong><em>petitione</em></strong></span> <span class='ocrx_word' id='word_1_259' title='bbox 960 2877 1069 2923; x_wconf 91' lang='lat' dir='ltr'><strong><em>ramus</em></strong></span> <span class='ocrx_word' id='word_1_260' title='bbox 1102 2857 1247 2924; x_wconf 84' lang='lat' dir='ltr'><strong><em>oliv‘aeao</em></strong></span> 
     </span>
     <span class='ocr_line' id='line_1_32' title="bbox 65 2940 1207 3031; baseline 0.001 -21"><span class='ocrx_word' id='word_1_261' title='bbox 65 2965 144 3010; x_wconf 86' lang='lat' dir='ltr'><strong><em>eum</em></strong></span> <span class='ocrx_word' id='word_1_262' title='bbox 172 2941 253 3010; x_wconf 84' lang='lat' dir='ltr'><strong><em>vittis</em></strong></span> <span class='ocrx_word' id='word_1_263' title='bbox 283 2941 456 3020; x_wconf 86' lang='lat' dir='ltr'><strong><em>offeratur,</em></strong></span> <span class='ocrx_word' id='word_1_264' title='bbox 496 2942 612 3031; x_wconf 89' lang='lat' dir='ltr'><strong><em>partim</em></strong></span> <span class='ocrx_word' id='word_1_265' title='bbox 642 2940 769 3007; x_wconf 82' lang='lat' dir='ltr'><strong><em>fabulae</em></strong></span> <span class='ocrx_word' id='word_1_266' title='bbox 796 2942 910 3031; x_wconf 86' lang='lat' dir='ltr'><strong><em>partim</em></strong></span> <span class='ocrx_word' id='word_1_267' title='bbox 938 2951 1073 3009; x_wconf 88' lang='lat' dir='ltr'><strong><em>naturae</em></strong></span> <span class='ocrx_word' id='word_1_268' title='bbox 1106 2942 1207 3011; x_wconf 74' lang='lat' dir='ltr'><strong><em>efficit</em></strong></span> 
     </span>
     <span class='ocr_line' id='line_1_33' title="bbox 65 3025 1207 3116; baseline -0.001 -20"><span class='ocrx_word' id='word_1_269' title='bbox 65 3029 160 3097; x_wconf 88' lang='lat' dir='ltr'><strong><em>ratio.</em></strong></span> <span class='ocrx_word' id='word_1_270' title='bbox 212 3026 297 3093; x_wconf 89' lang='lat' dir='ltr'><strong><em>Nam</em></strong></span> <span class='ocrx_word' id='word_1_271' title='bbox 318 3049 416 3114; x_wconf 79' lang='lat' dir='ltr'><strong><em>quum</em></strong></span> <span class='ocrx_word' id='word_1_272' title='bbox 436 3025 480 3100; x_wconf 86' lang='lat' dir='ltr'><strong><em>de</em></strong></span> <span class='ocrx_word' id='word_1_273' title='bbox 497 3028 625 3093; x_wconf 90' lang='lat' dir='ltr'><strong><em>nomine</em></strong></span> <span class='ocrx_word' id='word_1_274' title='bbox 643 3027 853 3108; x_wconf 79' lang='lat' dir='ltr'><strong><em>athenarum,</em></strong></span> <span class='ocrx_word' id='word_1_275' title='bbox 883 3038 1038 3116; x_wconf 84' lang='lat' dir='ltr'><strong><em>utsupra</em></strong></span> <span class='ocrx_word' id='word_1_276' title='bbox 1060 3028 1207 3109; x_wconf 82' lang='lat' dir='ltr'><strong><em>diximus,</em></strong></span> 
     </span>
     <span class='ocr_line' id='line_1_34' title="bbox 63 3111 1207 3204; baseline -0.001 -22"><span class='ocrx_word' id='word_1_277' title='bbox 63 3113 239 3204; x_wconf 85' lang='lat' dir='ltr'><strong><em>Neptunus</em></strong></span> <span class='ocrx_word' id='word_1_278' title='bbox 260 3123 294 3181; x_wconf 85' lang='lat' dir='ltr'><strong><em>et</em></strong></span> <span class='ocrx_word' id='word_1_279' title='bbox 313 3112 456 3179; x_wconf 88' lang='lat' dir='ltr'><strong><em>Minerva</em></strong></span> <span class='ocrx_word' id='word_1_280' title='bbox 483 3111 728 3193; x_wconf 81' lang='lat' dir='ltr'><strong><em>contenderent,</em></strong></span> <span class='ocrx_word' id='word_1_281' title='bbox 763 3112 907 3179; x_wconf 90' lang='lat' dir='ltr'><strong><em>Minerva</em></strong></span> <span class='ocrx_word' id='word_1_282' title='bbox 935 3111 1047 3181; x_wconf 85' lang='lat' dir='ltr'><strong><em>olivam</em></strong></span> <span class='ocrx_word' id='word_1_283' title='bbox 1077 3115 1207 3204; x_wconf 84' lang='lat' dir='ltr'><strong><em>protulit</em></strong></span> 
     </span>
    </p>

    <p class='ocr_par' dir='ltr' id='par_1_5' title="bbox 29 3196 1256 3631">
     <span class='ocr_line' id='line_1_35' title="bbox 29 3196 1205 3288; baseline -0.003 -19"><span class='ocrx_word' id='word_1_284' title='bbox 29 3234 32 3241; x_wconf 89' lang='grc'><strong><em>·</em></strong></span> <span class='ocrx_word' id='word_1_285' title='bbox 66 3211 102 3268; x_wconf 87' lang='lat' dir='ltr'><strong><em>et</em></strong></span> <span class='ocrx_word' id='word_1_286' title='bbox 123 3199 230 3269; x_wconf 85' lang='lat' dir='ltr'><strong><em>statim</em></strong></span> <span class='ocrx_word' id='word_1_287' title='bbox 251 3196 335 3266; x_wconf 78' lang='lat' dir='ltr'><strong><em>visit</em></strong></span> <span class='ocrx_word' id='word_1_288' title='bbox 378 3197 497 3274; x_wconf 78' lang='lat' dir='ltr'><strong><em>Unde,</em></strong></span> <span class='ocrx_word' id='word_1_289' title='bbox 519 3221 594 3267; x_wconf 88' lang='lat' dir='ltr'><strong><em>uum</em></strong></span> <span class='ocrx_word' id='word_1_290' title='bbox 613 3220 722 3265; x_wconf 84' lang='lat' dir='ltr'><strong><em>ramus</em></strong></span> <span class='ocrx_word' id='word_1_291' title='bbox 744 3197 812 3288; x_wconf 89' lang='lat' dir='ltr'><strong><em>ejus</em></strong></span> <span class='ocrx_word' id='word_1_292' title='bbox 833 3198 928 3264; x_wconf 88' lang='lat' dir='ltr'><strong><em>alieni</em></strong></span> <span class='ocrx_word' id='word_1_293' title='bbox 944 3200 1097 3280; x_wconf 84' lang='lat' dir='ltr'><strong><em>offertur,</em></strong></span> <span class='ocrx_word' id='word_1_294' title='bbox 1125 3200 1205 3267; x_wconf 92' lang='lat' dir='ltr'><strong><em>indi-</em></strong></span> 
     </span>
     <span class='ocr_line' id='line_1_36' title="bbox 65 3223 1249 3372; baseline 0.003 -18"><span class='ocrx_word' id='word_1_295' title='bbox 65 3297 123 3354; x_wconf 80' lang='lat' dir='ltr'><strong><em>est</em></strong></span> <span class='ocrx_word' id='word_1_296' title='bbox 152 3306 228 3352; x_wconf 84' lang='lat' dir='ltr'><strong><em>esso·</em></strong></span> <span class='ocrx_word' id='word_1_297' title='bbox 253 3283 424 3351; x_wconf 89' lang='lat' dir='ltr'><strong><em>meliorem.</em></strong></span> <span class='ocrx_word' id='word_1_298' title='bbox 484 3223 572 3350; x_wconf 60' lang='lat' dir='ltr'><strong><em>flius</em></strong></span> <span class='ocrx_word' id='word_1_299' title='bbox 601 3295 634 3352; x_wconf 91' lang='lat' dir='ltr'><strong><em>et</em></strong></span> <span class='ocrx_word' id='word_1_300' title='bbox 659 3282 735 3349; x_wconf 92' lang='lat' dir='ltr'><strong><em>illud</em></strong></span> <span class='ocrx_word' id='word_1_301' title='bbox 763 3285 966 3372; x_wconf 87' lang='lat' dir='ltr'><strong><em>proverbium</em></strong></span> <span class='ocrx_word' id='word_1_302' title='bbox 1001 3284 1122 3355; x_wconf 87' lang='lat' dir='ltr'><strong><em>dietum</em></strong></span> <span class='ocrx_word' id='word_1_303' title='bbox 1156 3296 1249 3357; x_wconf 81' lang='lat' dir='ltr'><strong><em>estas</em></strong></span> 
     </span>
     <span class='ocr_line' id='line_1_37' title="bbox 65 3368 1205 3460; baseline -0.001 -23"><span class='ocrx_word' id='word_1_304' title='bbox 65 3369 209 3437; x_wconf 77' lang='lat' dir='ltr'><strong><em>herbam</em></strong></span> <span class='ocrx_word' id='word_1_305' title='bbox 228 3369 295 3457; x_wconf 76' lang='lat' dir='ltr'><strong><em>cto,</em></strong></span> <span class='ocrx_word' id='word_1_306' title='bbox 308 3368 343 3439; x_wconf 86' lang='lat' dir='ltr'><strong><em>id</em></strong></span> <span class='ocrx_word' id='word_1_307' title='bbox 364 3383 414 3438; x_wconf 89' lang='lat' dir='ltr'><strong><em>est</em></strong></span> <span class='ocrx_word' id='word_1_308' title='bbox 433 3368 599 3437; x_wconf 85' lang='lat' dir='ltr'><strong><em>victoriam</em></strong></span> <span class='ocrx_word' id='word_1_309' title='bbox 621 3368 775 3436; x_wconf 81' lang='lat' dir='ltr'><strong><em>concedo.</em></strong></span> <span class='ocrx_word' id='word_1_310' title='bbox 818 3371 855 3436; x_wconf 93' lang='lat' dir='ltr'><strong><em>ln</em></strong></span> <span class='ocrx_word' id='word_1_311' title='bbox 878 3393 895 3435; x_wconf 88' lang='lat' dir='ltr'><strong><em>a</em></strong></span> <span class='ocrx_word' id='word_1_312' title='bbox 923 3369 1037 3438; x_wconf 87' lang='lat' dir='ltr'><strong><em>onibus</em></strong></span> <span class='ocrx_word' id='word_1_313' title='bbox 1057 3370 1205 3460; x_wconf 89' lang='lat' dir='ltr'><strong><em>denique,</em></strong></span> 
     </span>
     <span class='ocr_line' id='line_1_38' title="bbox 64 3391 1255 3544; baseline -0.003 -20"><span class='ocrx_word' id='word_1_314' title='bbox 64 3467 105 3524; x_wconf 87' lang='lat' dir='ltr'><strong><em>ut</em></strong></span> <span class='ocrx_word' id='word_1_315' title='bbox 126 3458 171 3524; x_wconf 85' lang='lat' dir='ltr'><strong><em>ait</em></strong></span> <span class='ocrx_word' id='word_1_316' title='bbox 189 3456 312 3537; x_wconf 85' lang='lat' dir='ltr'><strong><em>Varro,</em></strong></span> <span class='ocrx_word' id='word_1_317' title='bbox 350 3456 484 3522; x_wconf 89' lang='lat' dir='ltr'><strong><em>herbam</em></strong></span> <span class='ocrx_word' id='word_1_318' title='bbox 520 3457 554 3522; x_wconf 89' lang='lat' dir='ltr'><strong><em>in</em></strong></span> <span class='ocrx_word' id='word_1_319' title='bbox 586 3456 716 3523; x_wconf 87' lang='lat' dir='ltr'><strong><em>modum</em></strong></span> <span class='ocrx_word' id='word_1_320' title='bbox 746 3455 872 3543; x_wconf 88' lang='lat' dir='ltr'><strong><em>palmae</em></strong></span> <span class='ocrx_word' id='word_1_321' title='bbox 898 3391 1000 3524; x_wconf 62' lang='lat' dir='ltr'><strong><em>dabat</em></strong></span> <span class='ocrx_word' id='word_1_322' title='bbox 1032 3456 1142 3544; x_wconf 81' lang='lat' dir='ltr'><strong><em>aliquis</em></strong></span> <span class='ocrx_word' id='word_1_323' title='bbox 1165 3457 1207 3539; x_wconf 90' lang='lat' dir='ltr'><strong><em>ei,</em></strong></span> <span class='ocrx_word' id='word_1_324' title='bbox 1250 3488 1255 3502; x_wconf 90' lang='lat'><strong>·</strong></span> 
     </span>
     <span class='ocr_line' id='line_1_39' title="bbox 67 3539 1256 3631; baseline 0.003 -22"><span class='ocrx_word' id='word_1_325' title='bbox 67 3564 143 3609; x_wconf 86' lang='lat' dir='ltr'><strong><em>oum</em></strong></span> <span class='ocrx_word' id='word_1_326' title='bbox 165 3563 230 3631; x_wconf 88' lang='lat' dir='ltr'><strong><em>quo</em></strong></span> <span class='ocrx_word' id='word_1_327' title='bbox 250 3540 448 3609; x_wconf 78' lang='lat' dir='ltr'><strong><em>contendere</em></strong></span> <span class='ocrx_word' id='word_1_328' title='bbox 476 3562 540 3608; x_wconf 94' lang='lat' dir='ltr'><strong><em>non</em></strong></span> <span class='ocrx_word' id='word_1_329' title='bbox 562 3543 758 3620; x_wconf 84' lang='lat' dir='ltr'><strong><em>conahatur,</em></strong></span> <span class='ocrx_word' id='word_1_330' title='bbox 791 3553 825 3609; x_wconf 89' lang='lat' dir='ltr'><strong><em>et</em></strong></span> <span class='ocrx_word' id='word_1_331' title='bbox 842 3539 1004 3608; x_wconf 85' lang='lat' dir='ltr'><strong><em>meliorem</em></strong></span> <span class='ocrx_word' id='word_1_332' title='bbox 1035 3565 1106 3609; x_wconf 89' lang='lat' dir='ltr'><strong><em>esse</em></strong></span> <span class='ocrx_word' id='word_1_333' title='bbox 1126 3543 1207 3612; x_wconf 67' lang='lat' dir='ltr'><strong><em>tata</em></strong></span> <span class='ocrx_word' id='word_1_334' title='bbox 1252 3568 1256 3575; x_wconf 83' lang='grc'>’</span> 
     </span>
    </p>

    <p class='ocr_par' dir='ltr' id='par_1_6' title="bbox 10 3626 1208 3709">
     <span class='ocr_line' id='line_1_40' title="bbox 10 3626 1208 3709; baseline 0 -15"><span class='ocrx_word' id='word_1_335' title='bbox 10 3700 19 3709; x_wconf 58' lang='grc'><strong>,</strong></span> <span class='ocrx_word' id='word_1_336' title='bbox 67 3629 176 3695; x_wconf 88' lang='lat' dir='ltr'><strong><em>hatur.</em></strong></span> <span class='ocrx_word' id='word_1_337' title='bbox 218 3627 321 3695; x_wconf 80' lang='lat' dir='ltr'><strong><em>vittas</em></strong></span> <span class='ocrx_word' id='word_1_338' title='bbox 333 3637 450 3706; x_wconf 87' lang='lat' dir='ltr'><strong><em>autem,</em></strong></span> <span class='ocrx_word' id='word_1_339' title='bbox 471 3626 504 3692; x_wconf 90' lang='lat' dir='ltr'><strong><em>id</em></strong></span> <span class='ocrx_word' id='word_1_340' title='bbox 522 3637 572 3694; x_wconf 88' lang='lat' dir='ltr'><strong><em>est</em></strong></span> <span class='ocrx_word' id='word_1_341' title='bbox 591 3628 712 3695; x_wconf 86' lang='lat' dir='ltr'><strong><em>institas</em></strong></span> <span class='ocrx_word' id='word_1_342' title='bbox 728 3627 846 3707; x_wconf 89' lang='lat' dir='ltr'><strong><em>laneas,</em></strong></span> <span class='ocrx_word' id='word_1_343' title='bbox 866 3627 964 3694; x_wconf 88' lang='lat' dir='ltr'><strong><em>habet</em></strong></span> <span class='ocrx_word' id='word_1_344' title='bbox 979 3649 1086 3694; x_wconf 89' lang='lat' dir='ltr'><strong><em>ramus</em></strong></span> <span class='ocrx_word' id='word_1_345' title='bbox 1107 3629 1208 3695; x_wconf 86' lang='lat' dir='ltr'><strong><em>olivae</em></strong></span> 
     </span>
    </p>

    <p class='ocr_par' dir='ltr' id='par_1_7' title="bbox 10 3711 1251 3795">
     <span class='ocr_line' id='line_1_41' title="bbox 10 3711 1251 3795; baseline 0.008 -20"><span class='ocrx_word' id='word_1_346' title='bbox 10 3756 20 3775; x_wconf 74' lang='grc'><strong>,</strong></span> <span class='ocrx_word' id='word_1_347' title='bbox 64 3712 167 3795; x_wconf 81' lang='lat' dir='ltr'><strong><em>ideo,</em></strong></span> <span class='ocrx_word' id='word_1_348' title='bbox 194 3728 230 3781; x_wconf 89' lang='lat' dir='ltr'><strong><em>nt</em></strong></span> <span class='ocrx_word' id='word_1_349' title='bbox 249 3713 394 3780; x_wconf 87' lang='lat' dir='ltr'><strong><em>inertiam</em></strong></span> <span class='ocrx_word' id='word_1_350' title='bbox 416 3724 450 3780; x_wconf 88' lang='lat' dir='ltr'><strong><em>et</em></strong></span> <span class='ocrx_word' id='word_1_351' title='bbox 469 3713 713 3781; x_wconf 86' lang='lat' dir='ltr'><strong><em>imbecillitatem</em></strong></span> <span class='ocrx_word' id='word_1_352' title='bbox 741 3713 904 3779; x_wconf 86' lang='lat' dir='ltr'><strong><em>offerentis</em></strong></span> <span class='ocrx_word' id='word_1_353' title='bbox 934 3711 1102 3780; x_wconf 76' lang='lat' dir='ltr'><strong><em>ostendat</em></strong></span> <span class='ocrx_word' id='word_1_354' title='bbox 1135 3715 1251 3785; x_wconf 79' lang='lat' dir='ltr'><strong><em>Sei-to</em></strong></span> 
     </span>
    </p>

    <p class='ocr_par' dir='ltr' id='par_1_8' title="bbox 10 3798 1207 3890">
     <span class='ocr_line' id='line_1_42' title="bbox 10 3798 1207 3890; baseline 0.001 -24"><span class='ocrx_word' id='word_1_355' title='bbox 10 3828 13 3857; x_wconf 70' lang='grc' dir='ltr'><strong><em>ε</em></strong></span> <span class='ocrx_word' id='word_1_356' title='bbox 66 3821 140 3867; x_wconf 82' lang='lat' dir='ltr'><strong><em>mus</em></strong></span> <span class='ocrx_word' id='word_1_357' title='bbox 162 3799 264 3875; x_wconf 79' lang='lat' dir='ltr'><strong><em>avim,</em></strong></span> <span class='ocrx_word' id='word_1_358' title='bbox 290 3822 366 3865; x_wconf 86' lang='lat' dir='ltr'><strong><em>oves</em></strong></span> <span class='ocrx_word' id='word_1_359' title='bbox 387 3798 489 3864; x_wconf 80' lang='lat' dir='ltr'><strong><em>aheno</em></strong></span> <span class='ocrx_word' id='word_1_360' title='bbox 512 3822 639 3890; x_wconf 88' lang='lat' dir='ltr'><strong><em>semper</em></strong></span> <span class='ocrx_word' id='word_1_361' title='bbox 660 3798 775 3865; x_wconf 80' lang='lat' dir='ltr'><strong><em>auxilio</em></strong></span> <span class='ocrx_word' id='word_1_362' title='bbox 797 3798 953 3887; x_wconf 79' lang='lat' dir='ltr'><strong><em>indigere.</em></strong></span> <span class='ocrx_word' id='word_1_363' title='bbox 1003 3798 1111 3868; x_wconf 86' lang='lat' dir='ltr'><strong><em>Vittae</em></strong></span> <span class='ocrx_word' id='word_1_364' title='bbox 1131 3821 1207 3867; x_wconf 85' lang='lat' dir='ltr'><strong><em>vero</em></strong></span> 
     </span>
    </p>

    <p class='ocr_par' dir='ltr' id='par_1_9' title="bbox 10 3884 515 3952">
     <span class='ocr_line' id='line_1_43' title="bbox 10 3884 515 3952; baseline 0.012 -7"><span class='ocrx_word' id='word_1_365' title='bbox 10 3926 21 3945; x_wconf 70' lang='lat'><strong><em>.</em></strong></span> <span class='ocrx_word' id='word_1_366' title='bbox 66 3906 89 3952; x_wconf 85' lang='lat' dir='ltr'><strong><em>a</em></strong></span> <span class='ocrx_word' id='word_1_367' title='bbox 103 3884 289 3952; x_wconf 78' lang='lat' dir='ltr'><strong><em>vinciendo</em></strong></span> <span class='ocrx_word' id='word_1_368' title='bbox 299 3884 412 3952; x_wconf 68' lang='lat' dir='ltr'><strong><em>,diotae</em></strong></span> <span class='ocrx_word' id='word_1_369' title='bbox 431 3894 515 3951; x_wconf 86' lang='lat' dir='ltr'><strong><em>sunt.</em></strong></span> 
     </span>
    </p>

    <p class='ocr_par' dir='ltr' id='par_1_10' title="bbox 127 3962 1208 4070">
     <span class='ocr_line' id='line_1_44' title="bbox 127 3962 1208 4070; baseline 0.001 -34"><span class='ocrx_word' id='word_1_370' title='bbox 127 3971 185 4036; x_wconf 51' lang='lat'><strong><em>¹7.</em></strong></span> <span class='ocrx_word' id='word_1_371' title='bbox 226 3969 279 4037; x_wconf 88' lang='lat' dir='ltr'><strong><em>De</em></strong></span> <span class='ocrx_word' id='word_1_372' title='bbox 298 3971 440 4037; x_wconf 87' lang='lat' dir='ltr'><strong><em>Minerva</em></strong></span> <span class='ocrx_word' id='word_1_373' title='bbox 469 3970 564 4043; x_wconf 85' lang='lat' dir='ltr'><strong><em>etiam</em></strong></span> <span class='ocrx_word' id='word_1_374' title='bbox 594 3966 726 4047; x_wconf 75' lang='lat' dir='ltr'><strong><em>dicitu,</em></strong></span> <span class='ocrx_word' id='word_1_375' title='bbox 760 3962 848 4070; x_wconf 79' lang='lat' dir='ltr'><strong><em>quod</em></strong></span> <span class='ocrx_word' id='word_1_376' title='bbox 878 3964 972 4033; x_wconf 90' lang='lat' dir='ltr'><strong><em>tibias</em></strong></span> <span class='ocrx_word' id='word_1_377' title='bbox 1003 3965 1208 4037; x_wconf 83' lang='lat' dir='ltr'><strong><em>adinvenerit.</em></strong></span> 
     </span>
    </p>

    <p class='ocr_par' dir='ltr' id='par_1_11' title="bbox 17 4051 1210 4143">
     <span class='ocr_line' id='line_1_45' title="bbox 17 4051 1210 4143; baseline -0.002 -21"><span class='ocrx_word' id='word_1_378' title='bbox 17 4070 30 4135; x_wconf 76' lang='lat' dir='ltr'><strong><em>t,</em></strong></span> <span class='ocrx_word' id='word_1_379' title='bbox 68 4055 195 4132; x_wconf 84' lang='lat' dir='ltr'><strong><em>Quibus</em></strong></span> <span class='ocrx_word' id='word_1_380' title='bbox 206 4077 304 4143; x_wconf 84' lang='lat' dir='ltr'><strong><em>quum</em></strong></span> <span class='ocrx_word' id='word_1_381' title='bbox 323 4057 356 4122; x_wconf 90' lang='lat' dir='ltr'><strong><em>in</em></strong></span> <span class='ocrx_word' id='word_1_382' title='bbox 376 4056 519 4122; x_wconf 82' lang='lat' dir='ltr'><strong><em>convivio</em></strong></span> <span class='ocrx_word' id='word_1_383' title='bbox 539 4057 673 4121; x_wconf 88' lang='lat' dir='ltr'><strong><em>deorum</em></strong></span> <span class='ocrx_word' id='word_1_384' title='bbox 688 4053 912 4129; x_wconf 84' lang='lat' dir='ltr'><strong><em>eonernnisset,</em></strong></span> <span class='ocrx_word' id='word_1_385' title='bbox 933 4051 1065 4143; x_wconf 77' lang='lat' dir='ltr'><strong><em>ejusque</em></strong></span> <span class='ocrx_word' id='word_1_386' title='bbox 1085 4067 1210 4122; x_wconf 87' lang='lat' dir='ltr'><strong><em>tumen-</em></strong></span> 
     </span>
    </p>

    <p class='ocr_par' dir='ltr' id='par_1_12' title="bbox 10 4137 1253 4223">
     <span class='ocr_line' id='line_1_46' title="bbox 10 4137 1253 4223; baseline -0.002 -14"><span class='ocrx_word' id='word_1_387' title='bbox 10 4152 118 4221; x_wconf 73' lang='lat' dir='ltr'><strong><em>v-tes</em></strong></span> <span class='ocrx_word' id='word_1_388' title='bbox 140 4143 260 4208; x_wconf 82' lang='lat' dir='ltr'><strong><em>boacas</em></strong></span> <span class='ocrx_word' id='word_1_389' title='bbox 284 4140 326 4207; x_wconf 83' lang='lat' dir='ltr'><strong><em>dli</em></strong></span> <span class='ocrx_word' id='word_1_390' title='bbox 348 4150 458 4209; x_wconf 87' lang='lat' dir='ltr'><strong><em>omnes</em></strong></span> <span class='ocrx_word' id='word_1_391' title='bbox 479 4139 665 4222; x_wconf 74' lang='lat' dir='ltr'><strong><em>irruissent,</em></strong></span> <span class='ocrx_word' id='word_1_392' title='bbox 701 4139 754 4223; x_wconf 87' lang='lat' dir='ltr'><strong><em>illa</em></strong></span> <span class='ocrx_word' id='word_1_393' title='bbox 783 4137 825 4205; x_wconf 87' lang='lat' dir='ltr'><strong><em>ud</em></strong></span> <span class='ocrx_word' id='word_1_394' title='bbox 854 4137 1032 4206; x_wconf 79' lang='lat' dir='ltr'><strong><em>&#39;l&#39;ritoniam</em></strong></span> <span class='ocrx_word' id='word_1_395' title='bbox 1083 4140 1253 4213; x_wconf 73' lang='lat' dir='ltr'><strong><em>alodemos</em></strong></span> 
     </span>
    </p>

    <p class='ocr_par' dir='ltr' id='par_1_13' title="bbox 22 4162 1284 4318">
     <span class='ocr_line' id='line_1_47' title="bbox 22 4162 1284 4318; baseline -0.001 -23"><span class='ocrx_word' id='word_1_396' title='bbox 22 4242 26 4259; x_wconf 93' lang='lat'>&#39;</span> <span class='ocrx_word' id='word_1_397' title='bbox 67 4248 230 4317; x_wconf 80' lang='lat' dir='ltr'><strong><em>pergens,</em></strong></span> <span class='ocrx_word' id='word_1_398' title='bbox 259 4226 292 4293; x_wconf 90' lang='lat' dir='ltr'><strong><em>in</em></strong></span> <span class='ocrx_word' id='word_1_399' title='bbox 312 4250 398 4318; x_wconf 83' lang='lat' dir='ltr'><strong><em>aqua</em></strong></span> <span class='ocrx_word' id='word_1_400' title='bbox 420 4227 536 4296; x_wconf 80' lang='lat' dir='ltr'><strong><em>taciem</em></strong></span> <span class='ocrx_word' id='word_1_401' title='bbox 556 4248 646 4296; x_wconf 85' lang='lat' dir='ltr'><strong><em>suem</em></strong></span> <span class='ocrx_word' id='word_1_402' title='bbox 677 4237 804 4314; x_wconf 86' lang='lat' dir='ltr'><strong><em>turpem</em></strong></span> <span class='ocrx_word' id='word_1_403' title='bbox 824 4222 1009 4314; x_wconf 80' lang='lat' dir='ltr'><strong><em>speculata,</em></strong></span> <span class='ocrx_word' id='word_1_404' title='bbox 1039 4162 1131 4294; x_wconf 76' lang='lat' dir='ltr'><strong><em>tiliae</em></strong></span> <span class='ocrx_word' id='word_1_405' title='bbox 1152 4227 1210 4294; x_wconf 81' lang='lat' dir='ltr'><strong><em>ab·</em></strong></span> <span class='ocrx_word' id='word_1_406' title='bbox 1281 4278 1284 4283; x_wconf 84' lang='grc'>-</span> 
     </span>
    </p>
   </div>
   <div class='ocr_carea' id='block_1_3' title="bbox 798 4338 841 4408">
    <p class='ocr_par' dir='ltr' id='par_1_14' title="bbox 798 4338 841 4408">
     <span class='ocr_line' id='line_1_48' title="bbox 798 4338 841 4408; baseline 0 0"><span class='ocrx_word' id='word_1_407' title='bbox 798 4338 841 4408; x_wconf 82' lang='grc'><strong><em>15</em></strong></span> 
     </span>
    </p>
   </div>
   <div class='ocr_carea' id='block_1_4' title="bbox 0 0 1359 4606">
    <p class='ocr_par' dir='ltr' id='par_1_15' title="bbox 0 0 1359 4606">
     <span class='ocr_line' id='line_1_49' title="bbox 0 0 1359 4606; baseline 0 0"><span class='ocrx_word' id='word_1_408' title='bbox 0 0 1359 4606; x_wconf 95' lang='lat' dir='ltr'><strong><em> </em></strong></span> 
     </span>
    </p>
   </div>
   <div class='ocr_carea' id='block_1_5' title="bbox 23 4422 36 4557">
    <p class='ocr_par' dir='ltr' id='par_1_16' title="bbox 23 4422 36 4557">
     <span class='ocr_line' id='line_1_50' title="bbox 23 4422 36 4523; baseline 0 0"><span class='ocrx_word' id='word_1_409' title='bbox 23 4422 36 4523; x_wconf 83' lang='lat' dir='ltr'><strong><em>l</em></strong></span> 
     </span>
     <span class='ocr_line' id='line_1_51' title="bbox 25 4528 31 4557; baseline 0 0"><span class='ocrx_word' id='word_1_410' title='bbox 25 4528 31 4557; x_wconf 94' lang='lat' dir='ltr'><strong><em>l</em></strong></span> 
     </span>
    </p>
   </div>
  </div>
 </body>
</html>
