2684 4606
257 218 263 229 .
319 122 503 262 niusa.
530 136 610 259 ιιι.
657 149 710 229 a,
753 151 948 231 aaz-rr.
1049 87 1206 233 ¹”au

68 346 102 404 et
122 334 228 416 Dido,
243 335 305 424 ,qui
327 333 466 402 necdum
487 329 529 400 ad
550 333 622 401 loca
643 349 856 425 pervenerant
872 338 1090 426 purgationis,
1111 338 1210 406 multa

66 421 257 490 circumdati
276 424 390 488 umbra
411 418 497 511 apud
519 418 638 489 inferos
665 435 742 492 sunt
772 424 899 493 intenti.
944 425 1028 493 Nam
1059 422 1101 491 de
1122 425 1213 493 Pan„
1238 477 1242 488 ι

66 531 149 576 nuro
170 508 324 595 legimus:
669 560 673 566 .
1100 514 1105 527 “

415 593 477 658 vix
501 593 616 659 aratra
637 602 808 660 nzaestcm
829 594 990 680 cognovit
1012 596 1050 659 in
1072 594 1206 663 umbra.

66 677 343 749 tridentano:
376 677 603 764 Agnovitqae
625 700 692 766 per
719 674 879 742 ambram
909 677 1099 748 obscuram.
1140 682 1235 750 Oce

68 766 183 833 currit:
216 765 252 831 Si
274 785 355 849 ergo
376 775 557 851 purgantur
579 773 612 831 et
641 786 734 830 suam
761 772 908 830 naturam
940 766 1114 853 recipiunt,
1149 791 1209 835 cur

67 852 110 918 ad
140 873 198 919 cor
222 873 279 917 ora
308 849 422 915 reverti
452 847 582 916 rolnnt‘l
632 846 868 953 Palingenesia'
892 870 1053 938 namque,
1088 850 1120 918 id
1157 863 1209 921 est

68 874 259 1034 multiplex
286 935 488 1022 generatio,
526 944 560 1001 et
587 951 860 1026 μετεμψυχωσις,
900 935 933 1001 id
964 946 1013 1004 est
1040 939 1209 1004 transitio

68 1044 228 1100 ammae,
260 1043 281 1086 a
326 1019 464 1108 larisque
493 1019 755 1108 pbilosophorum
780 1017 917 1088 traditae
937 1033 1024 1103 ,sunt
1076 1021 1207 1103 Potant,

67 1107 231 1258 inquiunt,
257 1044 464 1187 oblivionem3
497 1104 641 1255 quodet
659 1097 770 1194 ipsum
785 1104 973 1192 ambiguum
995 1116 1061 1186 est,
1095 1131 1134 1174 an
1160 1110 1249 1186 nri-10
1275 1135 1277 1139 ·
1308 1151 1313 1161 ,

68 1191 110 1258 de
120 1193 184 1258 'cet
204 1192 449 1281 praeteritarum
470 1192 694 1261 obiviscantur
714 1213 908 1294 menarum,
932 1216 972 1260 an
998 1193 1084 1282 quod
1106 1195 1207 1262 futuri
1232 1262 1237 1267 ,

67 1279 129 1346 sint
156 1279 300 1365 ignarae.
353 1275 548 1345 Desiderent
579 1288 687 1345 autem
714 1299 748 1342 ιιι
777 1299 915 1365 corpora
941 1281 1066 1346 reverti.
1118 1279 1208 1348 Illam

65 1375 175 1432 autem
195 1364 383 1431 oblivionem
412 1362 529 1449 prioris
552 1361 680 1429 illarum
699 1362 864 1452 perfectae
883 1365 1058 1451 sapientiae
1076 1366 1206 1454 -accipi-
1284 1444 1289 1453 ἱ

66 1474 138 1518 mue
158 1451 420 1530 annullationem,
448 1472 550 1601 guam
570 1447 604 1513 in
627 1448 786 1515 descensu
814 1472 874 1515 suo
899 1462 932 1515 et
951 1451 1208 1539 incorporatione

66 1536 234 1609 universae
255 1536 427 1624 patiuntur.
476 1532 623 1601 aendu·
640 1545 751 1617 tamen
768 1533 945 1600 secundum
966 1538 1117 1619 eosdem,
1142 1558 1248 1609 nonas

50 1644 177 1688 -omoes
202 1623 323 1701 animas
350 1619 392 1689 ad
424 1643 561 1712 corpora
580 1620 705 1687 reverti.
746 1619 833 1686 Aliae
854 1621 937 1686 enim
958 1634 1091 1710 propter
1112 1624 1207 1690 vitam

65 1708 181 1775 ιιιιιΙιιιιι
192 1708 357 1787 redeunt,
388 1705 468 1773 aliae
493 1717 626 1795 propter
655 1704 714 1772 fati
743 1706 984 1789 necessitatem
1021 1709 1102 1775 aliae
1131 1732 1208 1776 vero
1265 1742 1270 1747 ·

65 1805 198 1897 propter
227 1795 309 1862 ritae
329 1792 444 1860 merita
464 1815 523 1882 per
550 1790 739 1882 apotheosin
770 1804 935 1860 aeternum
965 1793 1100 1862 deorum
1129 1819 1207 1862 con·

64 1892 198 1947 sarnum
219 1880 357 1969 adeptae
378 1891 461 1946 aunt.
525 1917 532 1927 ι

153 1958 204 2033 13.
247 1968 335 2033 Sane
353 1963 428 2052 quia
449 1963 586 2030 animam
601 1984 698 2051 snpra
715 1962 850 2034 diximus
866 1965 1085 2053 immortalem,
1106 1992 1249 2057 quae-ao

64 2051 146 2119 nitur
166 2053 250 2119 inter
271 2051 428 2140 majores,
459 2072 499 2116 an
528 2060 685 2136 generata
715 2053 773 2133 sit,
812 2076 853 2118 an
881 2054 1043 2140 ingenita3
1083 2066 1206 2121 utrnrn-

65 2159 130 2225 qno
162 2139 246 2205 enim
276 2137 417 2205 Platonis
451 2133 578 2202 ridetur
608 2135 742 2203 innuere
770 2141 952 2207 auctoritas.
1011 2142 1207 2207 Generatam

65 2246 138 2291 esee
164 2225 199 2291 in
225 2224 329 2324 primo
357 2222 499 2303 Timaei,
534 2219 588 2286 ubi
616 2222 675 2288 ait:
704 2224 1017 2309 praestantissima
1049 2242 1072 2289 ct
1101 2248 1207 2313 prae—

64 2310 286 2375 stantisscmo
299 2307 406 2395 sacta
427 2317 491 2373 cot.
533 2305 616 2375 Item
636 2306 668 2372 in
689 2307 853 2375 secundo:
886 2309 1044 2373 universi
1062 2311 1206 2397 generis
1302 2333 1307 2345 ¹

64 2405 253 2459 comentem
266 2390 420 2479 jactam.
460 2390 751 2479 Nongeneratam
772 2417 848 2460 vero
875 2395 906 2460 in
924 2393 1118 2477 Phaedone,
1149 2395 1249 2465 abias

64 2478 123 2547 ait:
155 2479 281 2544 anima
309 2500 417 2567 neque
441 2488 530 2544 nata
551 2488 622 2554 eat,
654 2489 689 2543 et
714 2490 860 2546 creterrae
888 2487 950 2543 est.
1003 2481 1099 2546 Hanc
1128 2501 1205 2546 con·

64 2564 254 2633 accersiam
289 2563 336 2631 sic
369 2561 504 2631 solvunt.
578 2562 777 2652 ingenitam,
820 2564 980 2653 inquiunt,
1021 2565 1100 2633 dixit
1132 2589 1207 2632 eam

63 2649 139 2717 ideo
160 2648 250 2739 quod
271 2648 347 2736 lege
366 2671 475 2715 rerum
494 2661 724 2734 generatamm
752 2672 816 2716 non
837 2660 962 2730 utatur,
1001 2662 1039 2718 ut
1059 2650 1205 2719 videlicet

66 2735 113 2802 rel
134 2734 322 2804 naturaliter
342 2734 388 2802 rel
411 2734 578 2802 actualiter
600 2735 799 2804 dissoliatnr.
850 2736 966 2803 Omnia
995 2738 1077 2803 enim
1099 2761 1223 2823 gene·v

63 2832 152 2903 rata,
194 2833 324 2911 praeter
342 2860 345 2865 ·
361 2820 515 2887 mundum
552 2831 586 2889 et
620 2821 739 2903 diune,
776 2822 940 2889 actualiter
971 2821 1245 2907 dissolvuntur-3³0
1282 2898 1285 2904 ,

63 2908 203 2975 mundns
225 2929 302 2974 vero
328 2916 361 2973 et
383 2906 487 2973 divina
508 2907 702 2975 naturaliter.
743 2906 828 2975 Nam
848 2908 923 2975 licet
943 2931 1114 2997 numquam
1139 2909 1203 2976 dis-

64 2994 227 3062 solvantur
259 3003 392 3072 natura,
411 3063 414 3068 ,
431 3003 538 3058 amen
570 2992 597 3061 si
626 2992 774 3060 conditor
811 2994 920 3077 vellet,
965 2995 1202 3062 dissolutionem
1234 3058 1239 3064 .

62 3091 263 3169 paterentur.
306 3075 573 3165 Quicquidenim
586 3081 806 3168 compositum
829 3095 895 3164 est,
924 3080 965 3146 illi
988 3078 1131 3148 naturale
1153 3093 1202 3150 est

63 3166 201 3234 dissolri.
254 3162 334 3231 Ideo
355 3165 454 3251 igitur
475 3163 663 3250 ingenerata
685 3163 770 3234 dicta
791 3177 848 3232 est.
902 3168 1097 3233 Generatam
1124 3190 1202 3233 vero

62 3251 137 3321 ideo
158 3250 277 3330 innuit,
317 3249 405 3339 quod
425 3249 605 3317 secundum
624 3252 741 3318 multos
762 3252 856 3319 etiam
876 3251 945 3339 ipsa
965 3253 1252 3344 praejacentemat-

63 3338 234 3409 materiam
251 3334 339 3425 ὕλην
366 3335 495 3417 babuit;
532 3335 621 3425 quod
650 3337 725 3404 licat
745 3336 840 3405 Plato
870 3361 1026 3428 nusquam
1054 3347 1200 3419 testetur,

61 3445 222 3514 nusquam
240 3433 348 3488 tamen
369 3420 568 3492 contradicit.

149 3510 204 3576 14.
246 3507 407 3575 Dicebant
429 3520 536 3575 tamen
568 3506 723 3587 nonnulli,
760 3528 858 3574 unam
886 3517 1007 3576 tantam
1039 3531 1112 3575 esse
1133 3508 1201 3572 ani-

60 3619 168 3677 mam,
198 3592 233 3661 id
254 3604 304 3662 eat
324 3593 537 3677 mundanam,
569 3595 670 3663 solam
692 3593 798 3661 omnia
824 3606 1043 3679 vegetantem,
1077 3605 1111 3660 et
1130 3594 1199 3659 nni-

61 3683 182 3771 cuique
202 3702 262 3769 pro
283 3702 343 3747 sua
365 3680 527 3747 babilitate
557 3681 638 3748 vires
661 3680 894 3760 conferentem
927 3682 1020 3747 stollis
1043 3679 1241 3760 videlicetao

60 3791 143 3856 quas
165 3766 302 3832 divinam
325 3768 478 3844 sormam,
499 3764 532 3831 id
554 3777 604 3834 est
624 3765 811 3846 rotundam,
840 3765 993 3832 habentes
1015 3766 1199 3844 invenimus,
1291 3824 1293 3829 .

60 3863 96 3921 et
117 3852 318 3933 bominibus,
338 3853 393 3940 qui
414 3852 473 3920 soli
496 3853 579 3918 inter
599 3852 723 3919 caduca
749 3853 916 3940 sphaerico
939 3852 1043 3941 capite
1065 3853 1201 3920 divinam

60 3939 200 4006 formam
220 3939 400 4018 imitantur,
435 3938 590 4005 rationem
620 3950 653 4006 et
672 3939 924 4016 sensualitatem
956 3939 1029 4006 licet
1053 3964 1130 4028 prae
1155 3939 1201 4002 ni·

60 4026 127 4095 mia
149 4022 418 4111 contemplatione
450 4025 552 4090 divina
574 4027 679 4090 anima
708 4025 942 4099 sensrrnlitatem
976 4048 1036 4089 non
1070 4025 1202 4090 multum

60 4123 233 4191 exerceat3
276 4110 390 4179 ceteris
419 4133 493 4178 vero
523 4110 731 4178 animantibus
752 4133 879 4176 sensum
901 4124 935 4191 ot
956 4113 1250 4197 vegetationem&

61 4199 235 4266 arboribus
264 4205 299 4264 et
327 4196 434 4264 herbis
466 4207 587 4267 tantam
627 4197 879 4287 vegetationem.
927 4196 985 4264 aa
1019 4198 1112 4262 s‘xcm
1135 4211 1231 4254 onos
1287 4283 1292 4289 N
