2684 4606
477 78 481 88 ι
594 88 613 127 .,
1091 114 1093 127 ,
1237 114 1241 123 .

359 179 570 283 uynogr.
600 182 652 255 n.
708 177 800 254 tta.
825 179 916 256 un.
1021 168 1023 172 “
1151 189 1283 265 rra

78 362 244 445 Minerva,
276 386 316 432 ne
344 389 364 434 a
392 371 551 456 Gorgona
569 378 682 458 posset
701 367 819 446 rideri,
848 370 948 438 ritreo
970 367 1102 459 clypeo,
1127 370 1225 453 inter-

80 464 247 540 ceptoque
268 453 298 518 in
321 456 428 542 primis
453 454 650 528 Phorcidum
671 454 804 537 lumine,
833 479 897 544 quo
917 455 1050 523 invicem
1071 458 1223 527 custodiis
1323 508 1324 512 ,

78 538 268 625 utebantur,
288 539 457 619 interfecit,
480 554 513 609 et
529 555 691 610 exsectum
706 540 773 631 ejus
792 556 890 631 caput
903 539 1026 609 Palladi
1040 543 1072 608 iu
1092 558 1225 632 pectore
1257 610 1258 614 ,

77 624 277 710 gestandum
309 627 436 708 obtulit3
470 627 512 694 de
540 628 630 718 cujus
645 628 817 714 sanguine
843 650 948 779 {enus
972 640 1021 696 est
1040 637 1276 721 serpentum5'

78 722 298 796 procreatum.
350 713 451 781 Utcro
482 728 587 781 autem
618 713 685 803 ejus
714 736 814 802 equus
875 736 993 801 egatus
1019 737 1091 781 curn
1113 719 1242 805 pennis·

79 796 163 874 exit,
196 798 252 886 qni
281 820 411 865 currens
441 798 482 864 ad
505 811 645 867 montem
667 801 801 866 Aonium
824 800 999 882 Boeotiae,
1036 801 1119 889 pede
1151 825 1224 892 per-

81 881 182 950 cussit
208 895 346 964 terram,
379 899 410 950 et
440 886 557 952 fontem
588 885 762 954 Castalium
792 885 958 972 produxit,
986 885 1040 976 qui
1061 900 1094 955 et
1114 888 1224 977 Pega-

79 973 157 1033 sdus
180 968 230 1034 vel
252 971 369 1036 Aonius
395 982 444 1037 est
467 971 661 1061 appellatus,
682 958 814 1061 Apollini
836 983 869 1038 et
887 973 989 1040 Musis
1008 988 1224 1054 consecratus,
1240 982 1312 1055 <-

79 1051 125 1117 de
153 1076 217 1156 quo
249 1054 425 1145 philosophi
456 1071 488 1125 ct
514 1065 630 1148 poetae
658 1058 823 1146 linguntur
851 1057 978 1138 bibere;
1006 1081 1079 1126 uam
1106 1067 1267 1148 poetaew

103 1161 174 1205 uasr
203 1140 368 1208 Musarum
396 1142 582 1211 sacerdotes
612 1154 695 1210 sunt.
715 1177 719 1183 ·
737 1143 864 1212 Dicitur
883 1155 990 1213 autem
1010 1144 1131 1214 idcirco
1153 1147 1223 1212 Me·
1253 1172 1256 1179 ·

80 1162 177 1305 llusa⁸
192 1229 395 1316 serpentibus
426 1230 537 1296 crinita
567 1252 656 1314 esse,
692 1228 767 1331 quia
794 1231 956 1297 sororibus
986 1232 1120 1299 astutior
1145 1244 1225 1300 erat.
1333 1243 1335 1248 ’

81 1308 186 1399 Cujus
206 1324 306 1402 caput
325 1314 465 1381 Perseus
488 1315 656 1382 abstulisse
674 1311 809 1395 dicitur,
837 1316 917 1402 ,quia
943 1317 1044 1404 ipsam
1065 1318 1225 1398 interfecit

80 1408 115 1464 et
137 1397 347 1549 spbstantipm
377 1399 513 1468 abstulit.
558 1400 637 1468 llluc
669 1399 803 1468 volando
833 1403 957 1470 venisse
986 1403 1121 1485 dicitur,
1150 1405 1225 1494 quia

77 1504 151 1550 nan
176 1505 213 1552 us
236 1498 327 1552 vonit.
595 1504 601 1525 ⁸
956 1537 960 1540 -
993 1519 996 1526 ·

103 1840 106 1844 ι
170 1744 263 1824 115.
317 1751 657 1849 Interpretatio
695 1722 897 1852 ejusdeul
936 1736 1135 1824 fabulae.
1196 1769 1268 1818 ns

166 1887 294 1959 Veritas
323 1898 431 1954 autern
461 1909 500 1952 ex
528 1885 657 1975 integro
686 1888 734 1955 sio
762 1885 930 1955 sehabet.
974 1889 1045 1954 Gor
1071 1913 1091 1954 o
1113 1900 1226 1954 terror

79 1981 141 2039 est
182 1971 313 2039 Primus
342 1974 461 2061 quippe
491 1983 598 2039 terror
626 1984 692 2051 est,
727 1975 780 2063 qui
809 1985 947 2040 mentem
969 1909 1154 2052 debilitan
1175 1997 1226 2041 se·

80 2052 231 2138 cundus,
272 2057 325 2146 qni
355 2058 535 2146 profundo
565 2058 706 2145 qnodam
738 2073 862 2127 terrore
892 2070 1030 2127 urentem
1064 2060 1228 2146 spargite

78 2145 204 2225 tertius,
226 2145 281 2232 qui
303 2166 366 2209 non
388 2144 488 2210 solum
510 2145 642 2224 mentis,
664 2167 774 2212 verum
804 2144 899 2213 etiarn
921 2145 992 2214 coli
1020 2142 1112 2207 inem
1133 2143 1230 2257 inge--

80 2230 123 2296 rit
143 2231 237 2297 visus.
280 2227 376 2296 Unde
396 2244 429 2296 et
449 2230 576 2296 nomina
598 2230 774 2321 accipiunt,
806 2230 929 2297 Stheuo
951 2167 1134 2307 aedilitas,
1155 2229 1271 2296 tan-2⁰

79 2313 170 2406 ryale
190 2317 270 2382 lata
289 2313 539 2403 profunditas,
567 2298 706 2383 Medusa
732 2315 868 2382 oblivio.
913 2317 1008 2381 Haec
1032 2314 1138 2379 omnia
1160 2330 1226 2383 ter·
1322 2381 1324 2388 ,

79 2423 188 2469 rorem
217 2401 339 2469 faciunt
369 2401 402 2465 in
431 2401 627 2484 hominibus;
661 2425 746 2490 quae
781 2399 886 2467 omnia
923 2400 1064 2466 Perseus
1097 2399 1226 2470 occidit.

79 2487 223 2555 Perseus
244 2487 329 2553 eninr
351 2487 480 2552 Graece
500 2487 616 2552 virtus
635 2486 759 2556 dicitur.
801 2487 991 2572 Gorgonem
1015 2506 1087 2550 curn
1110 2487 1226 2553 auxilio

80 2574 245 2640 Minervae
265 2572 442 2653 interiecit,
463 2573 538 2660 qnia
558 2572 675 2655 virtus,
699 2570 894 2640 auxiliatrice
915 2571 1087 2674 sapientia,
1110 2594 1223 2640 omnes
1243 2544 1311 2613 ί

80 2671 222 2728 terrores
251 2659 352 2726 vincit
394 2657 502 2750 Hujus
530 2669 637 2728 autern
666 2671 764 2749 caput
789 2657 922 2742 lingitur
948 2679 979 2724 ru
1009 2667 1141 2744 pectore
1161 2658 1265 2725 Mi0²⁶

81 2767 180 2814 nerva
198 2745 337 2826 habere,
358 2744 447 2834 quod
468 2743 529 2810 illic
550 2756 599 2812 est
619 2747 722 2813 omnis
744 2741 931 2835 prudentia,
952 2765 1036 2831 quae
1057 2744 1225 2814 contundit

84 2832 179 2911 alios,
208 2844 241 2899 et
258 2853 371 2898 saxeos
394 2843 427 2898 et
448 2830 616 2925 inperitos·
653 2833 757 2900 robat.
800 2830 853 2896 De
875 2829 963 2918 cujus
986 2828 1107 2895 semine
1129 2843 1222 2923 nptns
1298 2850 1305 2875 t

82 2930 134 2985 est
153 2918 313 3005 Pegasus.
347 2918 497 3004 Pegasus
520 2917 603 2995 eninr
617 2856 725 3004 dama
747 2916 882 2994 dicitur3
904 2915 976 3004 quia
998 2915 1103 2993 omnia
1124 2916 1222 2986 virtus

82 3022 257 3093 superans,
291 3003 419 3070 famam*
438 3003 498 3074 sibi
526 3003 659 3090 quaerit.
720 3003 772 3070 De
804 3002 957 3089 Pegaseo
992 3001 1080 3068 sonte
1109 3014 1223 3091 potant

82 3098 219 3240 potitare,
254 3089 329 3178 quia
364 3090 396 3154 in
430 3088 556 3158 landent
591 3088 730 3172 virtutis,
749 3149 752 3154 .
770 3086 912 3156 ridentes
947 3108 1018 3156 earn
1049 3087 1265 3173 victricem,to

82 3177 166 3266 prosi
179 3186 256 3243 runt.
596 3183 598 3187 ’
1260 3182 1272 3193 ”

412 3332 414 3336 ⁴
467 3367 559 3481 lid.
614 3398 825 3504 Atlas.

164 3548 272 3626 Atlas,
299 3548 401 3642 lapeti
430 3563 464 3619 et
483 3551 660 3642 Clymenae
680 3550 780 3629 lilius,
808 3539 1026 3629 aThern'ide,
1057 3565 1140 3636 quae
1163 3570 1218 3614 an·
1248 3601 1280 3631 „,

81 3635 168 3706 tistes
201 3639 336 3705 deorum
367 3637 454 3705 initio
483 3637 609 3718 suerat,
643 3655 832 3726 responsum
863 3634 1004 3724 accepit,
1046 3655 1090 3698 ne
1117 3656 1219 3722 quem

82 3722 234 3812 hospitio
256 3746 298 3788 ex
317 3722 487 3811 progenie
502 3723 599 3788 Jovia
613 3787 615 3794 ,
629 3725 816 3810 reciperet,
847 3722 879 3785 ai
907 3721 1061 3794 hortum,
1093 3719 1131 3782 in
1152 3721 1260 3806 quo³⁶

77 3832 182 3896 poma
216 3831 326 3885 aureo
357 3819 479 3884 erant,
515 3809 728 3874 custoditum
760 3803 910 3871 retinere
942 3803 1057 3869 vellet.
1098 3804 1219 3879 'Quam

81 3897 123 3959 ob
146 3917 277 3961 cansam
300 3918 397 3982 quum
416 3891 591 3974 Perseum,
619 3893 707 3961 Joris
729 3903 762 3959 et
781 3892 912 3958 Danaes
933 3891 996 3955 lilio
1078 3912 1104 3957 a
1120 3881 1218 3976 Poly-

80 3981 177 4049 decta
198 4002 296 4067 roge,
319 3982 479 4085 Magnetis
500 3979 584 4058 tilio,
608 3980 648 4046 ad
670 3978 836 4045 Medusam
859 3909 1053 4126 Gorgon*
1068 3974 1218 4058 occiden-

80 4064 155 4134 dam
181 4067 328 4147 missum,
351 4068 475 4156 Libyae
492 4066 607 4131 linibus
628 4064 828 4157 prohiberet,
849 4061 910 4141 ille,
932 4060 1002 4127 occi
1057 4060 1219 4128 Minervae

79 4152 195 4219 anxilio
217 4153 368 4234 Medusa,
389 4172 554 4229 reversus,
574 4151 751 4232 Atlantem,
772 4159 948 4219 monstrato
969 4146 1028 4241 lP⁸¹
1051 4148 1215 4234 Gorgonis
1224 4154 1259 4204 ⁴⁰

78 4241 202 4328 capite,
229 4239 261 4304 in
284 4254 420 4310 montem
442 4237 581 4306 mutarit.
919 4260 922 4267 ·

831 4349 856 4416 8
