2692 4606
44 4426 49 4539 l

82 2784 267 2853 ‘cillentun

343 151 346 161 ’
466 111 729 253 nubum.
764 143 832 223 m.
908 230 913 237 ,
1099 126 1119 208 .’
1165 146 1226 258 os

86 339 177 422 toni3
212 357 272 428 per
301 334 580 427 essentitatem,
609 343 646 401 ut
665 355 791 427 poree,
827 349 913 437 quoe
928 334 1039 419 ¹obest
1067 335 1224 425 frugibus,
1317 354 1321 373 ¹

88 424 223 508 Cereri3
245 444 352 511 cuper,
376 421 429 511 qui
450 423 544 489 obest
565 420 689 495 vitibus,
710 420 840 486 Libero.
882 420 963 486 Item
986 444 1083 512 oupra
1103 429 1224 492 Aeson-

87 512 192 602 lapio,
222 511 278 598 qui
298 507 385 575 deus'
406 519 455 574 est
475 506 605 586 salutis,
643 529 741 595 quum
771 528 941 594 numquam
968 506 1135 589 sit‘uopra
1151 496 1224 577 ¹sine

82 600 193 664 tetro.
237 595 362 661 Rustici
384 605 616 680 autem=qunm
634 594 805 659 exhibitum
829 593 869 658 ab
884 592 994 659 'Icaro
1028 591 1132 663 vinum
1154 597 1223 686 plus

87 684 187 750 nimio
217 693 381 770 potantes,
413 679 628 758 ebriarentur,
658 700 812 745 venenum
843 701 881 745 se
909 678 949 745 ab
977 680 1028 744 illo
1061 680 1266 772 accepisse⁵

115 777 261 848 utentes,
291 789 363 832 eum
384 763 417 830 in
437 765 658 842 Marathoniae
686 765 827 853 regionis
856 777 964 830 monte
986 765 1225 837 interfecerunt.

129 855 197 942 ujus
220 851 324 934 oanis,
347 851 399 917 eui
420 872 536 915 nomen
560 850 618 917 luit
639 850 769 930 Maera,
802 861 850 918 est
877 871 1023 918 reversus
1044 851 1085 918 ad
1106 854 1226 943 Erigo-
1274 864 1277 871 ⁴

90 963 168 1008 nem
183 938 291 1005 filiam.
335 938 428 1012 Quae
451 958 547 1024 quum
571 935 650 1038 ejus,
676 960 712 1002 se
734 947 820 1003 veste
862 934 1069 1018 xtrabentis,'
1076 942 1227 1008 comitata

91 1026 246 1111 vestigia,
277 1021 320 1090 ad
342 1022 440 1112 patris
462 1033 658 1110 pervenrsset
687 1022 807 1089 dadare
832 1070 841 1102 ‚
863 1021 978 1110 laqueo
1001 1024 1094 1090 vitam
1117 1028 1225 1094 finivit.

78 1112 160 1186 ,cut
178 1122 322 1178 mortuae
345 1108 432 1175 oanis
452 1118 556 1174 morte
571 1115 634 1181 ,sua
652 1108 728 1181 suris
752 1108 836 1175 lecit
880 1107 948 1173 Sed
969 1109 1124 1196 Erigone,
1147 1113 1268 1179 deo-1⁰

90 1214 170 1269 rum
186 1197 346 1262 voluntate
378 1217 450 1281 oum
478 1202 560 1258 eane
590 1194 622 1259 in
645 1193 769 1260 eaelum
797 1192 965 1270 translata,
996 1196 1066 1285 ipsa
1098 1197 1227 1284 Virgo,
1280 1191 1293 1259 f
1316 1218 1333 1237 ··

94 1283 184 1350 oanis
210 1283 327 1348 Sirius
358 1279 552 1368 appellatur„
597 1279 762 1365 Receptus
790 1278 930 1346 similiter
949 1280 982 1344 in
1008 1281 1130 1348 eaelum
1154 1295 1253 1351 oum'

89 1370 240 1460 plaustro
253 1367 380 1445 Icarus3
412 1364 584 1454 plaustrum
606 1364 796 1450 septentrio
815 1363 865 1432 sel
886 1376 1021 1449 arctos,
1049 1368 1118 1457 ipse
1137 1370 1227 1436 Boo-

91 1467 147 1521 tes
166 1453 214 1521 rel
234 1449 479 1543 Arctophylax
500 1461 552 1518 est
571 1459 711 1515 vocatus.
768 1522 770 1527 ,
1263 1476 1266 1482 ·

179 1580 248 1650 Sed
264 1591 343 1675 post
364 1580 557 1670 aliquantum
579 1590 706 1668 tempus
739 1578 982 1659 Atheniensibus
1003 1582 1133 1650 morbus
1153 1583 1268 1653 tatts1⁵

93 1679 148 1738 est
166 1667 342 1747 immissus,
363 1680 399 1734 ut
420 1691 529 1733 eorum
552 1666 691 1753 virgines
713 1667 822 1733 lurore
844 1666 983 1753 quodam
1012 1668 1052 1733 ad
1078 1670 1227 1758 laqueum
1249 1728 1255 1734 .

93 1754 367 1845 compellerentur.
410 1752 506 1820 Unde
529 1750 707 1819 consultum
728 1753 891 1821 oraculum
913 1752 1092 1842 respondit,
1111 1757 1230 1821 seclari

82 1865 192 1935 posue
211 1839 312 1905 illam
327 1837 589 1927 pestilentiam,
624 1837 657 1902 si
680 1838 854 1925 Erigones
882 1830 921 1904 et'
937 1830 1035 1904 Icari
1056 1840 1229 1906 cadavera

90 1926 367 2014 requirerentur.
409 1925 503 1999 Quae
517 1947 614 2012 quum
635 1922 690 1990 diu
711 1924 855 2011 quoesita
875 1947 1030 2013 nusquam
1050 1926 1227 1992 inveniren-

91 2023 165 2090 tur,
187 2008 229 2077 ad
250 2008 481 2076 ostendendam
500 2033 590 2077 suam
612 2008 812 2080 devotionem
835 2011 1050 2091 Athenienses,
1072 2025 1109 2078 ut
1131 2014 1270 2084 otranno

84 2099 129 2164 in
150 2097 256 2168 alieno,
273 2118 312 2160 ea
331 2117 487 2182 quaerere
507 2096 690 2163 viderentur
712 2096 892 2176 elemento,
926 2095 1161 2184 suspenderunt
1186 2099 1228 2165 de
1257 2160 1260 2165 .

94 2183 263 2249 arboribus
283 2180 410 2262 lunem;
432 2180 475 2247 ad
496 2205 591 2270 quem
618 2204 691 2249 sese
711 2193 855 2249 tenentes
876 2182 1019 2249 homines
1049 2183 1112 2250 bae
1142 2184 1228 2251 illae-

93 2291 162 2359 que
182 2268 400 2356 agitabantur,
422 2281 458 2335 ut
480 2268 570 2355 quasi
592 2289 651 2357 per
672 2273 780 2343 aierem
801 2267 923 2335 illorum
948 2268 1106 2338 cadavera
1128 2293 1228 2360 quae-

91 2377 171 2422 rere
190 2356 381 2437 viderentur.
423 2352 490 2443 Sed
511 2377 608 2443 quum
631 2353 773 2442 plerique
794 2352 966 2435 caderent,
987 2346 1146 2424 inventum
1168 2369 1227 2430 est,
1335 2377 1341 2389 ¹

93 2455 133 2511 ut
153 2440 271 2523 formas
291 2437 337 2515 ¹ad
359 2437 423 2505 oris
445 2439 494 2506 sui
513 2438 745 2519 similitudinem
773 2439 1001 2521 facerent„et
1027 2464 1082 2508 eos
1110 2467 1169 2532 pro
1191 2468 1270 2523 se25

70 2550 266 2680 suspensas
301 2539 472 2593 moverent
515 2525 611 2593 Unde
630 2522 753 2607 oscilla
775 2524 860 2591 dieta
890 2534 965 2593 sunt
992 2527 1032 2593 ab
1062 2552 1102 2594 eo
1139 2529 1227 2618 quod
1255 2568 1258 2573 ·

84 2614 127 2683 in
171 2615 197 2680 is
216 2635 280 2689 ora
298 2610 518 2692 cillereetur,
539 2611 644 2693 idest
664 2621 893 2678 moverentur.
933 2611 1017 2677 Nam
1039 2615 1158 2679 cillere
1179 2626 1230 2682 est

91 2721 236 2767 movere.
282 2694 376 2763 Unde
397 2707 431 2764 et
445 2694 619 2785 furcillae
648 2694 754 2762 diotae
778 2707 871 2779 suut,
898 2696 1020 2784 ¹quibus
1038 2699 1228 2786 frumento

501 2950 833 3023 δσῙιοὶίοη.4

180 3068 239 3137 Atti
256 3068 384 3153 dieunt,
408 3064 516 3135 ossilla
538 3090 610 3135 esse
631 3067 774 3137 membra
800 3063 897 3132 virilia
918 3061 961 3131 de
978 3061 1110 3137 floribus
1132 3061 1270 3144 factast?

93 3177 181 3247 quae
195 3156 473 3247 suspendebantur
489 3153 776 3239 (inter-columnia)
792 3153 874 3219 inter
887 3150 967 3217 duas
984 3150 1165 3231 columnus;
1184 3151 1229 3216 ito
1249 3158 1263 3211 s

92 3257 131 3313 ut
152 3242 186 3308 in
207 3267 246 3310 ea
269 3242 412 3317 homines
442 3240 583 3329 acceptis
616 3238 729 3306 clausis
758 3237 901 3328 personis
932 3236 1163 3327 impingerent,
1195 3246 1229 3303 et

93 3351 134 3396 ea
158 3351 214 3395 ore
229 3328 379 3405 cillerent,
398 3325 432 3390 id
453 3338 502 3393 est
521 3334 686 3393 moverent
704 3322 748 3392 ad
766 3324 871 3393 risum.
899 3322 946 3391 Et
966 3323 1029 3389 boe
1049 3323 1081 3388 in
1095 3321 1228 3409 Orpheo

90 3413 211 3482 lectum
234 3427 292 3482 est.
335 3411 599 3481 Prudentioribus
629 3423 737 3479 tamen
758 3408 843 3485 aliud
871 3408 993 3499 placet,
1026 3408 1080 3497 qni
1107 3407 1226 3487 dieunt,

91 3523 189 3571 secra
208 3500 319 3567 Liberi
340 3499 438 3590 patris
458 3496 501 3563 ad
522 3497 746 3587 purgationem
770 3498 893 3563 animae
914 3495 1081 3584 pertinere.
1113 3492 1269 3575 Omniset,

91 3588 178 3675 euim
200 3587 351 3677 purgatio
374 3595 430 3651 out
450 3607 510 3672 per
532 3607 648 3663 auam
677 3585 732 3667 fu,
762 3596 819 3661 aut
846 3602 906 3672 per
934 3581 1064 3669 ignem,
1095 3591 1151 3648 aut
1169 3599 1228 3669 per
1261 3592 1265 3597 '

89 3677 210 3741 adrem.
253 3675 311 3741 Sis
330 3670 478 3760 Virgilius
496 3671 532 3736 in
552 3608 616 3739 ll:

451 3781 560 3851 Aliae
589 3776 801 3869 panduntur
827 3774 953 3843 inanes

180 3897 377 3986 Suspensas
397 3894 446 3960 ud
464 3899 602 3971 ventum
623 3889 708 3956 aliis
729 3886 791 3956 sub
811 3886 962 3978 gurgite
982 3897 1083 3956 vasto

173 4009 354 4100 Infeetuln
384 4007 517 4074 eluitur
548 4002 660 4071 scelus
685 4012 752 4068 aut
780 4001 945 4067 exuritur
970 3999 1052 4091 igni
1059 4022 1072 4080 ς
1233 3990 1271 4043 4⁰

88 4135 126 4195 nt
154 4146 242 4193 nune
265 4147 325 4214 per
344 4120 452 4195 osolla
472 4104 585 4209 genus
599 4118 797 4207 purgationis
816 4114 988 4185 maximum
1008 4108 1228 4198 intelligamus.

87 4212 176 4285 Nem
195 4211 335 4302 pomum
350 4220 404 4283 est
424 4230 546 4296 equos,
575 4204 753 4279 seeundum
773 4203 876 4292 iguis,
906 4201 1035 4275 tertium
1056 4199 1149 4269 atris.
1222 4256 1225 4261 .
