2684 4606
256 262 261 270 .
331 204 515 309 nanas.
543 164 617 281 ιιι.
672 203 713 278 a.
768 176 915 287 aa-,oss
1064 202 1067 207 ’
1115 140 1196 282 aaa

58 391 106 460 sol
129 391 296 482 accipitur.
326 388 405 479 Ipse
421 386 504 455 enim
522 398 555 455 et
570 389 631 455 llos
651 400 684 456 et
701 388 849 478 princeps
871 386 1031 457 stellarum
1048 400 1082 460 ct
1095 412 1196 461 causa

56 480 197 546 omnium
218 479 336 545 florum
357 487 417 543 est
450 477 565 550 'Quem
586 477 702 541 amarit
715 475 947 562 Berecynthia,
975 475 1008 542 id
1029 489 1081 546 cst
1098 490 1195 547 terra.

55 566 165 632 Terra
186 564 288 643 euim,
320 561 493 629 constricta
514 561 637 646 frigore
668 560 797 641 hiemis,
833 560 976 627 rlaxuri·
1003 573 1036 630 et
1056 565 1194 631 refoveri
1321 576 1323 581 '

53 651 128 717 solis
151 649 260 716 calore
288 646 461 715 desiderat.
502 646 663 713 Iohannes
685 660 792 715 tamen
816 646 840 712 S
884 649 1029 721 tus'lltin
1051 672 1194 737 ⁸puerum

55 739 228 823 impetum
261 734 328 800 sire
354 732 557 821 proximum
597 730 674 798 dicit
712 733 923 820 interpretari.
977 733 1105 802 Dantur
1126 738 1161 803 0
1183 737 1220 816 ir,
1287 734 1291 743 '

56 832 226 909 tympana,
256 817 343 907 quod
366 830 453 885 terra
475 816 602 884 duobus
631 816 710 883 caeli
738 817 977 907 hemisphaeriis
1008 760 1194 889 circumval-

56 907 150 973 latur.
193 905 351 994 Cymbala
371 924 501 1054 quorgue
530 904 564 969 iu
591 902 661 1005 ejus
689 915 765 971 sunt
792 905 907 984 tutela,
925 934 929 945 ·
947 906 1035 993 quod
1064 910 1196 996 etipsa

55 990 240 1079 hemicyclis
262 990 359 1071 caeli,
391 989 445 1078 qui
469 1012 508 1055 us
530 989 669 1076 cingitur
686 1000 789 1069 terra,
809 990 919 1056 similia
939 1003 1023 1059 sunt
1064 994 1195 1075 Vestam

57 1078 89 1142 ei
111 1075 205 1145 deam
225 1076 310 1161 ignis
332 1073 511 1142 adhaerere
530 1075 624 1161 fingit
648 1075 842 1153 Martianus,
873 1077 947 1165 quia
967 1077 998 1141 in
1019 1076 1195 1146 visceribus

57 1174 165 1229 terrae
175 1161 434 1250 ignisiureuitur.
468 1159 717 1228 Videmusenim
736 1160 779 1228 de
793 1160 932 1229 silicibus
944 1159 1055 1248 ignem'
1068 1166 1192 1231 excudi.
1201 1186 1240 1236 lo

140 1250 174 1316 5.
219 1248 305 1323 Quia
326 1269 402 1313 vero
425 1245 468 1312 de
489 1246 588 1314 Vesta
609 1268 704 1312 casus
725 1258 814 1315 ortus
836 1259 901 1329 est,
929 1247 972 1313 de
992 1271 1033 1314 ea
1053 1250 1193 1341 aliquau-

55 1334 157 1402 tulum
186 1355 293 1400 sermo
319 1332 487 1422 procedat
515 1333 627 1398 ··Hanc
655 1332 743 1399 Joris
780 1355 853 1399 esse
879 1335 1036 1401 nutricem
1065 1349 1099 1404 et
1136 1359 1194 1403 suo

55 1442 132 1485 eum
153 1420 279 1506 gremio
299 1430 515 1499 sustentasse,
544 1418 576 1483 iu
598 1416 711 1484 codem
732 1408 889 1486 Martiano
907 1419 1055 1506 legimus.
1097 1422 1196 1497 Quod

57 1506 103 1571 ob
125 1505 189 1572 boc
216 1507 327 1574 fictum
360 1507 405 1572 ait
434 1502 623 1590 Remigius,
679 1503 731 1569 nia
752 1503 855 1571 fertur
875 1530 895 1572 a
914 1503 1109 1594 philosophis
1130 1519 1196 1574 ter·

57 1614 146 1661 reno.
160 1591 245 1679 igni,
272 1591 326 1681 qui
339 1613 407 1680 per
426 1590 578 1669 Vestam,
606 1526 791 1670 caelestem,
820 1590 874 1678 qui
895 1591 1083 1679 perderem
1104 1593 1194 1659 intel·
1206 1600 1239 1666 rb

57 1678 188 1764 ligitur,
209 1677 320 1763 iguem
338 1675 462 1745 nutriri
516 1676 565 1743 Ur
592 1687 699 1741 autem
730 1674 793 1743 dea
818 1675 904 1763 ignis
934 1699 1007 1743 esse
1034 1678 1195 1760 credatur,

59 1775 255 1850 argumento
277 1786 349 1830 esse
393 1770 492 1840 orest,
511 1760 608 1849 ·quod
630 1761 661 1826 io
686 1760 753 1851 ejus
774 1762 893 1850 templo
916 1763 1001 1850 ignis
1018 1766 1197 1831 custoditur

58 1851 260 1916 inextinctus.
289 1849 351 1917 0ιί
375 1851 423 1916 ius
436 1847 540 1914 ctiam
559 1848 592 1913 in
605 1846 695 1913 -libro
712 1847 889 1915 ¹Fastorum
910 1852 952 1915 ab
972 1850 1108 1953 antiquis
1124 1874 1197 1918 cam
1292 1867 1294 1871 ’

60 1936 171 2001 locum
193 1935 295 2003 innuit
317 1936 520 2001 nominatam.
570 1932 639 1998 Sed
669 1945 702 2001 'ct
729 1935 763 2000 iu
790 1934 921 2001 introitu
945 1938 1062 2024 templi
1087 1936 1196 2025 ignem
1229 2014 1233 2021 Ι

60 2021 136 2087 οΙίιιι
164 2020 280 2097 fuisse,
311 2043 416 2109 eoque
441 2014 530 2086 loco‘
544 2028 679 2085 cunctos
695 2019 836 2169 §quippe
863 2020 993 2088 interius
1021 2016 1241 2094 saoraaom‘so

58 2108 141 2173 inire
162 2105 294 2194 vetitos)
315 2107 414 2174 sacris
434 2126 567 2194 operam
587 2105 631 2169 im
654 2126 693 2169 en
717 2106 799 2185 isse,
821 2117 855 2171 et
875 2107 950 2172 binc
968 2107 1072 2194 ipsum
1090 2108 1196 2176 locum

61 2216 83 2260 a
104 2192 222 2274 Vesta,
254 2192 289 2258 id
311 2204 362 2260 est
382 2192 476 2270 socc,
514 2127 702 2256 vestibulum
724 2204 795 2256 esse
817 2190 936 2258 dictum
959 2205 1059 2278 putat.
1101 2195 1200 2263 Addit

61 2299 209 2368 quoque,
246 2277 363 2344 nullam
398 2278 535 2354 Vestae,
580 2275 664 2341 sicut
694 2297 757 2341 nec
791 2275 877 2363 igni,
925 2278 980 2366 qui
1010 2300 1137 2366 semper
1166 2282 1198 2345 in

61 2375 152 2431 motu
174 2374 242 2444 est,
263 2365 305 2429 ab
325 2361 460 2450 antiquis
483 2360 665 2427 attributam
687 2360 846 2446 elligiem;
867 2361 925 2429 sed
946 2375 980 2428 et
999 2360 1090 2442 ideo,
1111 2364 1199 2452 quod

62 2461 97 2518 et
116 2450 210 2537 iguis.
223 2470 341 2519 numen
362 2470 436 2514 esse
456 2446 624 2524 meruerit,
654 2456 688 2512 et
707 2444 817 2531 ignem
846 2446 879 2513 in
910 2448 1028 2535 templo
1049 2450 1091 2513 Ju
1114 2453 1241 2552 piteraa

61 2536 227 2616 babuerit,
259 2556 336 2601 eam
363 2533 559 2622 potissimam
587 2531 749 2618 religionis
778 2529 872 2599 deam
895 2533 1029 2601 dicimus
1051 2473 1199 2603 habitam.
1255 2539 1260 2553 '

61 2622 149 2703 Nam
172 2619 325 2688 ecsiae·
354 2642 394 2684 ne
415 2618 552 2695 nullum,
586 2618 652 2684 utl
696 2616 778 2698 itur,
812 2629 883 2685 erat
900 2620 1110 2702 sacrificium,
1139 2643 1200 2687 neo
1230 2662 1234 2669 ·

62 2709 133 2774 siue
151 2705 281 2772 eoulla
302 2642 469 2772 dsVebatur
498 2702 622 2791 religio.
697 2701 762 2783 nde
785 2705 925 2792 etipsa,
957 2719 994 2773 ut
1013 2706 1146 2785 Janus,'
1167 2708 1200 2774 iu

63 2794 210 2859 omuibus
251 2791 416 2858 sacrificiis
461 2790 677 2857 invocabatur.
743 2787 831 2856 Hinc
868 2801 903 2858 et
938 2790 1032 2859 futirn
1072 2806 1196 2860 veteres

63 2880 132 2970 ejus
152 2876 327 2946 monario
346 2897 422 2943 reor
437 2873 608 2942 addixisse.
634 2874 704 2941 :Est
719 2888 839 2943 autem,
846 2872 940 2961 sutis
949 2900 1009 2961 ‘vas
1024 2879 1198 2966 quoddam,
1206 2899 1243 2948 ao

64 2978 101 3035 ut
117 2966 165 3034 ait
183 2965 334 3044 Servius,
362 2963 428 3030 lato
450 2984 525 3042 ore,
558 2959 659 3027 londo
679 2972 837 3047 angusto,
870 2982 935 3050 qua
956 2963 995 3028 in
1016 2966 1115 3032 sacris
1137 2967 1200 3031 Ve-

64 3064 133 3120 stae
156 3048 346 3119 sacerdotes
366 3050 549 3116 utebantur.
592 3048 684 3134 Aqua
713 3046 796 3112 enim
817 3045 860 3113 ad
883 3047 952 3136 ojus
971 3070 1066 3118 sacra
1086 3051 1227 3118 hausta·

63 3137 152 3205 bumi
173 3135 496 3223 nomdaponebatur.
536 3131 633 3206 Quod
651 3132 679 3198 si
696 3132 806 3214 fieret,
827 3133 987 3220 piaculum
1007 3147 1086 3203 crat.
1120 3136 1203 3203 Idea

65 3224 283 3311 excogitatum
311 3244 368 3287 vas
389 3232 456 3300 est,
493 3216 581 3306 quod
608 3231 696 3286 stare
724 3239 788 3283 non
814 3231 941 3308 posset,
961 3219 1034 3286 sed
1062 3224 1200 3308 positum

65 3311 190 3388 statim,
236 3304 390 3397 quioquid
425 3304 649 3383 continuisset,
691 3301 886 3387 effunderet3
934 3320 972 3373 et
1002 3308 1125 3394 ipsum,
1164 3324 1245 3383 otas

66 3397 231 3474 existimo,
259 3393 462 3479 significans:
491 3391 575 3457 sicut
596 3413 616 3456 a
639 3411 735 3455 manu
753 3412 817 3455 uon
842 3392 1080 3475 remittebatur,
1104 3396 1201 3463 itae

64 3479 328 3571 religioneoullo
349 3490 495 3564 tempore
517 3485 589 3543 e'sse
610 3473 810 3543 cessandum.

150 3569 183 3633 6.
225 3564 373 3632 Eandem
402 3576 510 3631 tamen
530 3563 661 3629 Vestam
682 3560 816 3628 Ovidius
846 3559 1075 3648 sicutigneru,
1107 3565 1203 3633 itaet

64 3664 185 3722 terram
202 3650 350 3739 relinquit
368 3649 517 3736 intelligi;
540 3647 625 3714 unde
646 3660 680 3715 ct
694 3647 844 3736 templum
863 3646 894 3712 ei
909 3660 941 3713 et
958 3649 1077 3723 tbolum
1095 3652 1200 3738 templi

65 3739 108 3808 ad
124 3735 362 3807 similitudinem
392 3748 498 3802 terrae
526 3732 664 3802 rotunda
693 3731 771 3800 dicit
796 3732 1077 3823 scribut-'aldone
1106 3738 1200 3802 etiam
1208 3736 1244 3809 'aar

57 3849 123 3916 ¹par·
143 3822 281 3891 nominis
303 3820 531 3911 etymologiam
550 3821 714 3886 evidenter
734 3821 872 3907 probare
893 3831 1045 3902 conarm,
1082 3832 1202 3891 terram

64 3909 245 4000 nuncupari
281 3930 428 3977 asserens
461 3908 609 3985 Vestam,
648 3902 735 3993 quod
767 3904 835 3971 sola
866 3905 956 3992 quasi
984 3905 1014 3971 ri
1040 3928 1100 3975 sua
1128 3920 1201 3987 stet,

56 4048 61 4057 ,
85 4020 163 4067 num
186 4006 296 4063 cetera
317 3994 474 4060 elementa
495 3991 563 4060 sine
583 3988 814 4058 intermissione
836 3990 941 4055 omoia
955 3994 1082 4058 moveri
1103 3995 1202 4058 mani-

112 4097 183 4152 turu
206 4080 257 4148 sit.
298 4081 374 4146 Hac
396 4078 490 4145 etiam
512 4077 555 4142 de
577 4101 676 4145 causa
691 4076 821 4142 Vestam
843 4087 875 4140 et
890 4076 1044 4177 Cybelen]
1066 4079 1200 4144 eandem

18 4206 33 4221 ·
63 4170 163 4237 luisse
184 4188 251 4233 non
272 4165 366 4255 pauci
385 4161 591 4234 contendunt
641 4159 827 4229 Secundum
850 4160 988 4229 'I'ullrum
1008 4175 1114 4230 tamen
1136 4165 1242 4233 Ve-sa

62 4270 135 4325 stae
163 4272 282 4321 nomen
310 4250 486 4321 aGraccis
510 4262 568 4319 cst.
622 4249 674 4316 Ea
700 4247 802 4328 enim,
846 4246 962 4336 iuquit,
1001 4260 1066 4330 cst,
1115 4271 1199 4336 quaa
