2684 4606
363 187 548 294 napum.
576 191 629 267 11.
685 189 779 268 roa.
809 136 904 279 ros.
1131 190 1209 285 aar
1312 312 1317 327 .

61 400 168 468 aquae
191 390 412 465 erumperent,
441 400 502 466 pro
519 397 584 444 nuo
606 377 694 445 sonte
715 376 816 444 tribus
838 377 1096 465 emergentibus,
1126 382 1211 447 Her-

61 467 151 538 cules
175 462 408 552 deprehendit,
429 487 525 551 renas
546 475 654 530 terrae
672 461 820 529 incendio
841 486 939 561 posse
960 463 1081 546 claudi;
1116 478 1212 556 atque
1261 504 1264 512 ·

60 553 137 619 ideo
158 564 329 639 postquam
359 549 505 616 exhausit
533 547 669 616 eun'dcm
698 548 822 627 locum,
850 550 959 636 iguem
987 550 1147 634 adhibuit,
1179 553 1213 622 et

61 638 109 706 sio
130 658 236 724 aquae
258 634 371 703 clausit
395 648 538 717 meatus,
569 647 603 704 et
623 633 827 703 habitabilem
850 634 1007 702 Arcadiae
1028 637 1113 704 lecit
1241 640 1244 644 ⁴

281 764 384 879 ‘lah
438 756 645 880 Antaeus
675 816 718 879 et
743 806 986 883 Hercules.
1218 846 1236 895 5

145 937 287 1002 Antaeus
304 955 360 999 rex
381 933 441 1000 fuit
462 932 605 1022 Libyae,
625 933 708 1001 filius
731 934 865 1002 Terrae.
898 935 967 1003 Hic
981 958 1078 1026 quum
1094 937 1213 1004 multos

61 1021 216 1109 sihgulari
238 1018 411 1086 certamine
433 1031 580 1094 necaret.
600 1041 711 1086 eorum
733 1021 841 1108 capita
859 1020 975 1090 domus
991 1046 1070 1089 suae
1090 1022 1213 1090 loribus

61 1108 105 1175 ad
133 1105 286 1173 iudicium
314 1104 438 1172 virtutis
466 1106 695 1196 praeponebat
747 1106 797 1173 Ad
829 1130 925 1195 quem
956 1130 1054 1196 quum
1075 1109 1214 1178 venisset

61 1192 239 1272 Hercules,
268 1191 377 1278 coepit
408 1212 480 1256 cum
507 1213 547 1257 eo
568 1189 705 1258 luctari·
731 1190 778 1260 Ht
798 1214 897 1280 quum
911 1193 981 1282 jara
1000 1195 1033 1260 iu
1055 1216 1096 1261 eo
1116 1209 1212 1275 esset,

60 1293 98 1348 ut
124 1280 167 1347 ab
196 1275 340 1345 Hercule
370 1273 565 1357 vinceretur,
610 1275 780 1345 simulabat
815 1301 944 1363 casum;
987 1279 1047 1348 sed
1082 1303 1255 1370 semperro

61 1366 191 1443 tortior,
223 1360 370 1429 resumtis
400 1362 517 1428 viribus
552 1363 673 1448 (matre
694 1362 802 1429 Terra
825 1365 909 1430 vires
932 1364 962 1431 ei
989 1367 1210 1453 suggerente)

60 1451 207 1518 surrexit.
249 1445 346 1523 Quod
378 1448 433 1513 ubi
455 1447 631 1529 Hercules,
667 1451 804 1517 monitus
826 1472 846 1515 a
865 1449 1026 1532 Minerva,
1056 1453 1210 1541 percepit,

60 1560 134 1603 eum
154 1536 273 1603 iterum
292 1529 413 1601 cadere
434 1533 590 1602 volentem
615 1533 742 1618 extuht,
774 1556 795 1602 a
822 1546 975 1626 terraque
1001 1536 1211 1627 suspendens,
1260 1602 1264 1607 ,

62 1623 130 1710 ejus
150 1632 267 1710 guttur
287 1618 377 1686 elisit.

445 1787 539 1866 165.
593 1787 827 1869 Oeneus.
1166 1778 1169 1785 ¹
1216 1836 1251 1888 15

75 1962 82 1977 ι
144 1920 299 2002 Oeneus,
333 1917 528 1987 Parthaonis
549 1916 649 2000 lilius,
685 1921 793 2014 Tydei
826 1931 936 2011 pater,
968 1943 1026 1989 rex
1057 1922 1211 1996 Aetoliae,

61 2003 156 2073 tiliam
185 2007 314 2073 nomine
342 2004 526 2072 Deianiram
555 2001 685 2089 habuit,
713 2033 734 2077 a
757 2007 862 2077 multis
890 2009 923 2075 in
946 2009 1135 2096 conjugium
1157 2032 1211 2075 ex-

60 2103 214 2180 optatam.
259 2092 364 2167 Quam
385 2112 484 2180 quum
504 2090 662 2160 Hercules
684 2106 718 2175 et
737 2094 915 2176 Achelous,
938 2094 1081 2161 Aetoliae
1100 2095 1211 2171 amnis,

59 2200 125 2245 uno
147 2190 295 2266 tempore
315 2187 477 2266 peterent,
510 2191 706 2267 acceperunt
732 2172 839 2269 legem
868 2181 909 2247 ab
936 2181 1069 2261 Oeneo,
1101 2193 1136 2248 ut
1158 2181 1211 2268 qui

61 2264 175 2334 virtute
196 2275 397 2352 superasset,
419 2262 603 2329 Deianiram
626 2261 768 2334 duceret.
802 2265 907 2352 Igitur
930 2266 1055 2353 egressi
1075 2265 1127 2333 ad,
1140 2288 1255 2339 cer-20

59 2363 186 2430 tamea,
208 2373 305 2438 quum
327 2359 534 2438 superaretur
554 2345 712 2416 Achelous
728 2351 769 2416 ab
785 2349 946 2431 Hercule,
968 2360 1109 2418 mutatur
1122 2352 1210 2418 initio

60 2435 91 2502 in
116 2437 282 2515 breuem,
304 2457 384 2515 mox,
397 2435 429 2499 in
452 2431 644 2516 draconem,
664 2436 763 2504 tertio
780 2435 812 2501 iu
834 2424 979 2517 taurunl,
1009 2459 1104 2525 quem
1124 2438 1212 2502 Her-

62 2462 150 2589 cules
171 2521 334 2609 amplexus
346 2518 572 2594 reluctantem,
593 2542 711 2602 cornu,
732 2520 821 2610 quod
835 2522 1049 2611 implicarerat
1064 2523 1211 2604 brachiis,
1221 2598 1229 2609 Ι,

61 2608 170 2697 fregit
224 2605 323 2682 Quod
359 2606 525 2672 Fortunae
560 2604 663 2674 fertur
705 2629 930 2687 consecrasse,
967 2628 1040 2672 cum
1068 2631 1132 2696 quo
1160 2608 1211 2674 ille

63 2684 187 2783 copiam
210 2691 327 2759 dicitur
348 2691 472 2757 secisse.
515 2690 612 2758 Tunc
632 2692 802 2782 Nymphae
824 2691 963 2772 Naides,
992 2692 1076 2759 filiae
1106 2695 1254 2768 humi-aa

61 2779 127 2858 uis,
149 2779 344 2855 effecerunt,
367 2788 401 2844 ut
418 2774 453 2841 id
474 2774 560 2863 quod
581 2792 726 2867 ereptum
748 2788 834 2858 erat,
857 2778 1091 2846 autumnalibus
1111 2781 1210 2868 copiis

61 2864 249 2954 repleretur.
291 2860 396 2947 Unde¹
406 2861 537 2928 dicitur:
559 2861 670 2928 Pleno
690 2864 790 2950 copia
811 2885 927 2929 cornu.
960 2865 1118 2939 Quoniam
1130 2867 1213 2934 siout

64 2955 163 3026 cornia
186 2972 315 3017 caruem
337 2948 569 3036 supercrescit,
598 2947 642 3015 ita
662 2948 790 3016 divitiae
812 2948 889 3016 foris
910 2947 1029 3052 stipant
1042 2951 1211 3018 hominem.

62 3036 99 3104 lu
130 3036 232 3103 oorriu
261 3045 311 3102 est
337 3034 434 3100 virtus
463 3030 658 3113 animalium,
689 3046 723 3103 et
752 3034 899 3102 fortunae
928 3055 1010 3103 vrres
1038 3036 1071 3104 in
1100 3036 1212 3104 divitiis

62 3122 227 3201 coustant,
260 3133 296 3189 ut
324 3118 457 3187 dicitur:
495 3118 544 3183 Et
572 3140 687 3206 genua
718 3131 752 3185 et
777 3122 909 3198 ott-tas,
944 3121 1017 3185 nisi
1049 3138 1127 3187 cram
1163 3145 1253 3204 re,30

26 3218 29 3223 '
62 3208 276 3294 vilior-alga
296 3215 359 3270 est.
403 3203 529 3270 Dicitur
557 3216 662 3270 autera
685 3206 842 3272 Hercules
866 3204 970 3272 eidem
990 3206 1087 3274 fluvio
1110 3231 1211 3274 cornu

63 3292 251 3372 abstulisse,
282 3289 357 3379 quia
386 3312 482 3379 quum
512 3287 638 3356 duobus
667 3290 762 3357 alveis
793 3291 1010 3370 redundaret,
1051 3293 1210 3361 Hercules

62 3401 160 3444 unum
182 3374 380 3445 obstruendo
401 3375 570 3464 prohibuit.
611 3376 771 3443 Hercules
793 3392 918 3457 autem,
950 3377 1034 3444 victo
1057 3379 1210 3460 Acheloo,

61 3464 246 3531 Deianiram
270 3461 359 3529 duxit
381 3484 529 3537 uxorem,
557 3470 591 3527 et
616 3462 658 3527 ab
680 3485 718 3527 ea
741 3465 922 3551 procreavit
939 3462 1055 3543 hlium,
1082 3466 1210 3532 nostine

62 3550 202 3640 Hyllum.
245 3547 315 3616 Sed
332 3548 490 3614 Hercules
513 3569 611 3635 quum
632 3545 674 3612 ad
696 3550 825 3615 lluvium
843 3549 987 3615 Euenum
1002 3551 1251 3635 pervenissetoa

63 3658 133 3703 eam
151 3635 311 3724 deposuit,
334 3633 519 3722 clavamque
541 3655 613 3698 cum
634 3632 761 3723 reliquis
784 3635 881 3702 armis
901 3656 1011 3701 secum
1027 3640 1210 3716 transvexit,

63 3733 99 3789 ut
120 3733 201 3812 post
227 3719 417 3788 exoneratus
450 3741 520 3788 eam
550 3718 699 3807 expedite
730 3721 837 3788 ferret.
903 3721 1011 3796 Quum
1044 3743 1125 3808 ergo
1168 3726 1210 3789 nd

8 3858 10 3865 .
63 3806 144 3874 illam
173 3807 454 3894 ‚hansportandam
482 3804 572 3872 vellet
599 3806 732 3886 reverti,
764 3805 872 3873 videus
898 3805 1038 3875 Nessum
1068 3830 1140 3874 cum
1170 3834 1209 3876 ea

63 3915 130 3960 rem
145 3893 279 3973 habere,
300 3894 418 3979 sagitta
441 3891 535 3956 missa
557 3911 630 3956 eum
650 3891 789 3958 extinxit
824 3891 887 3968 Qui
901 3893 1066 3978 expirans,
1087 3907 1209 3962 restem

8 3982 12 3999 '
54 3979 236 4045 Deianirae
263 3975 367 4055 dedit,
403 3977 560 4065 sauguine
588 4000 646 4043 suo
675 3979 824 4054 tinctam,
860 3987 898 4043 ut
929 4000 964 4043 se
991 3976 1251 4061 ulcisceretur,40

65 4078 96 4131 et
116 4065 213 4143 dixit,
245 4062 278 4127 ai
305 4063 407 4128 vellet
432 4074 597 4149 perpetuo
618 4062 660 4127 ab
679 4062 833 4130 Hercule
852 4061 980 4148 diligi,
1009 4062 1111 4128 staret
1132 4090 1208 4130 eoru

64 4149 122 4214 illi
141 4160 272 4217 vestam
292 4147 517 4213 indicendam.
561 4146 641 4213 lude
665 4170 764 4239 aprum
781 4147 941 4213 Hercules
964 4147 1119 4214 ininsula
1140 4151 1207 4216 Eu-

63 4235 146 4304 boea
168 4233 358 4303 Oechaliam
378 4235 490 4302 urbem
508 4233 622 4321 Euryti
642 4233 826 4317 stertisset,
857 4245 891 4302 ct
910 4231 999 4301 Iolen
1021 4234 1116 4301 filiam
1139 4237 1206 4320 ojus

440 4362 446 4371 .
793 4346 815 4409 (ἶ
837 4344 850 4373 ί
