2684 4606
362 145 547 246 Mylhogr.
576 146 628 219 ll.
692 108 785 219 102.
814 142 922 218 loa&
1066 216 1068 222 ,
1118 140 1213 229 ,100

66 330 154 399 naris
187 329 327 419 rellgari.
382 330 435 400 lta
464 343 497 406 et
526 331 730 400 dulcedinem
759 343 873 399 cantus
898 331 1036 398 illartnn'
1057 333 1215 422 percepit,

67 430 101 497 et
121 417 299 520 periculum
322 418 432 485 erasit
475 421 519 485 dt
547 419 619 486 illae
646 418 730 485 adeo
760 442 796 486 se
825 416 1144 506 pictasrdoluernnt,
1174 431 1214 487 nt

66 526 103 570 se
124 525 159 570 m
181 504 301 571 fluctus
321 503 588 592 praecipitarent,
621 505 735 592 sicque
763 515 899 572 mortem
915 514 1109 591 ,gustarent
1148 504 1213 570 Se·
1227 503 1285 557 Κ
1303 520 1312 531 ’

67 589 212 656 eundum
234 590 398 656 veritatem
420 602 528 658 autern
549 592 734 657 meretrices
768 591 915 668 fuerunt,
943 612 1033 678 2quae
1060 589 1210 679 quoniam

65 686 268 742 transeuntes
284 674 457 755 ,ducebant
475 675 517 741 ad
553 688 748 764 egestatem,
787 676 836 744 his
864 679 961 742 fictae
991 686 1065 745 suut
1092 676 1235 748 inferrer,

66 761 248 848 naufragia.
313 763 469 848 Σειρῆνες
513 762 632 847 igitur
654 765 800 842 Graece,
845 761 973 828 Latine*
1003 759 1212 825 traditoriae

49 848 227 914 dicuntur.
271 846 391 913 'l'ribus
423 847 504 911 enim
528 846 630 912 modis
652 847 802 913 illecebra
829 848 979 926 trahitur,
1016 858 1073 913 aut
1105 856 1211 922 cantu,

67 945 123 999 aut
144 933 224 1011 risu,
246 942 302 998 aut
325 931 563 1017 consuetudine.
607 933 753 999 Eaedem
774 933 873 1021 igitur
895 932 1033 1005 volatiles
1051 931 1211 1007 dicuntur,

69 1018 143 1107 quia
165 1017 339 1084 amantium
370 1031 492 1084 mentes
522 1018 669 1085 celeriter
696 1029 867 1086 mutantur.
918 1016 1000 1083 Inde
1027 1015 1218 1103 gallinaceis*
1316 1097 1320 1106 Ι

67 1102 205 1193 pedibus
221 1103 404 1188 finguntur,
427 1104 501 1190 quia
521 1102 656 1170 lubidinis
678 1105 798 1172 affectu
820 1125 967 1194 quaeque
987 1103 1096 1170 habita
1117 1122 1250 1190 spart-10

65 1200 210 1277 guntur„
241 1188 310 1254 Per
337 1187 461 1256 Ulixem
493 1203 617 1271 autem,
649 1190 703 1279 qui
726 1190 816 1281 quasi
845 1189 933 1260 ὅλων
962 1190 1072 1268 ξένος,
1102 1186 1207 1255 idest

64 1275 223 1340 omnium
245 1274 456 1361 peregrinus
480 1273 616 1353 dicitur,
647 1275 689 1340 ad
711 1288 845 1343 mortem
868 1274 1028 1342 deductae
1048 1272 1229 1355 dicuntnr,³

64 1361 139 1449 quia
160 1357 317 1448 sapientia
338 1361 378 1425 ab
400 1360 547 1428 omuibus
568 1358 678 1451 mundi
698 1361 853 1430 illecebris
874 1358 1109 1450 peregrinatur.
1287 1387 1311 1409 e

437 1494 532 1614 102.
573 1483 831 1620 'Tantalus
1156 1454 1234 1553 A·

148 1670 326 1751 Tantalus,
367 1692 423 1736 rex
457 1671 714 1755 Corinthiorum,
756 1674 875 1740 amicus
918 1673 1096 1739 numinibus
1138 1672 1247 1750 luit15

63 1758 159 1834 Quae
178 1760 278 1846 quum
306 1755 492 1845 frequenter
519 1759 712 1846 susciperet,
744 1771 777 1827 et
805 1758 944 1848 quodam
961 1770 1118 1850 ‘tempore
1148 1756 1226 1823 de·
1305 1772 1309 1787 ¹

63 1844 201 1910 fuissent
219 1841 349 1931 epulae,
390 1841 498 1909 volens
528 1842 720 1913 divinitatem
743 1868 854 1911 eorum
888 1856 1030 1923 tentare,
1069 1843 1225 1912 inritatis:

61 1930 161 1996 filium
191 1950 285 1996 suum
315 1926 471 2016 Pelopem
497 1929 649 1999 occidens
678 1931 869 2020 epulandum
897 1932 1053 2020 apposuit.
1107 1929 1204 1996 'l'unc

61 2016 293 2082 abstinentibus
323 2014 463 2092 eunctis,
500 2016 603 2082 Ceres
631 2018 798 2085 humerum
827 2017 1041 2106 ejusexedit.
1097 2016 1203 2091 Quem
1324 2091 1327 2096 ,

61 2124 160 2189 quum
182 2100 227 2166 dii
246 2123 305 2189 per
325 2101 519 2166 Mercurium
543 2123 696 2169 revocare
719 2103 762 2169 ad
786 2126 920 2191 superos
948 2103 1079 2183 vellent,
1107 2105 1245 2186 ebur-20

61 2209 141 2254 neus
162 2188 192 2252 ei
213 2200 264 2261 est
284 2187 435 2252 humerus
456 2186 629 2255 restitutus.
683 2187 762 2254 Ideo
791 2202 899 2256 autem
924 2189 992 2260 sola
1022 2191 1124 2254 Ceres
1153 2188 1201 2253 di-

49 2273 143 2340 'citur
173 2271 372 2352 comedisse,
409 2271 485 2356 quia
511 2273 581 2422 ippa
612 2287 661 2340 est
688 2286 791 2353 terra,
832 2297 916 2364 quac
947 2298 1064 2361 corpus
1101 2273 1201 2350 solvit,

60 2381 136 2425 ossa
155 2370 264 2432 tamen
298 2380 472 2424 reservans.
556 2381 592 2424 er
625 2360 818 2426 Mercurium
853 2371 960 2427 autem
985 2359 1126 2448 'lingitur
1148 2363 1201 2424 'ob

58 2445 124 2512 hoc
155 2458 343 2524 revocatus,
378 2443 465 2531 quod
497 2444 566 2531 ipse
602 2457 652 2532 est
681 2447 760 2512 deus
788 2444 986 2534 prudentiae.
1043 2444 1201 2513 Tantalus

17 2583 22 2591 .
61 2544 169 2598 autem
203 2531 266 2597 hac
294 2531 368 2616 lege
389 2527 475 2618 apud
497 2530 616 2596 inferos
651 2529 767 2598 dicitur
787 2553 860 2599 esse
888 2532 1071 2611 damnatus,
1109 2542 1146 2597 ut
1166 2531 1242 2611 in25

59 2616 206 2683 Eridano
228 2617 403 2682 inferorum
425 2627 531 2695 stans,
556 2638 616 2681 nec
638 2618 730 2683 undis
752 2620 987 2706 praesentibus,
1010 2640 1072 2684 nec
1091 2614 1199 2682 ricinis

56 2703 125 2791 ejus
168 2703 337 2792 pomariis,
381 2703 467 2768 lame
498 2700 666 2780 deficiens,
704 2705 896 2791 perfruatur.
949 2703 1067 2793 Aliquis
1100 2702 1254 2790 igitur⁸=
1314 2782 1317 2787 ι

58 2811 174 2855 avarus
196 2789 346 2877 fingitur3
376 2800 412 2855 ut
434 2787 604 2855 Horatius:
624 2852 629 2868 ,
652 2789 749 2872 Quid
770 2790 892 2854 rides?
916 2784 1050 2875 fabula
1069 2811 1201 2854 narem-

56 2885 136 2952 tur,
157 2886 295 2941 mutato
317 2874 471 2964 nourrius,
504 2874 612 2938 dete.
1182 2896 1184 2901 ’

286 3034 380 3114 105.
441 3045 632 3141 Danaus
669 3053 711 3114 et
748 3041 991 3141 Egestum·
1205 3072 1242 3121 ao

34 3194 37 3255 ζ
141 3168 275 3239 Danaus
317 3179 350 3235 et
382 3170 527 3257 Egestus
558 3168 704 3257 germani
739 3168 889 3248 luermt,
923 3166 978 3233 filii
1010 3184 1085 3233 vero
1118 3163 1200 3257 Beli,

53 3257 172 3326 fratres
194 3267 301 3324 autem
322 3257 495 3343 Agenoris,
529 3255 630 3343 patris
653 3251 780 3321 Cadmi.
824 3254 956 3320 Danaus
987 3272 1026 3320 ex
1054 3250 1198 3342 pluribus
1277 3292 1280 3299 ·

54 3342 248 3434 conjugibus
270 3341 499 3430 quinquaginta
536 3341 648 3409 babuit
675 3339 772 3422 filias3
801 3339 963 3427 Egestus,
991 3337 1092 3406 frater
1118 3335 1198 3426 ejus,

30 3475 33 3481 ι
53 3430 190 3499 totidem
212 3428 301 3495 filios.
343 3427 487 3516 Egestus
516 3427 662 3495 Danaum
690 3427 839 3504 fratrem,
873 3436 910 3493 ut
929 3423 1010 3493 filias
1030 3447 1105 3492 suas
1127 3421 1196 3489 liliis

54 3517 121 3583 suis
142 3515 174 3581 in
199 3515 429 3582 matrimonium
459 3513 571 3592 daret,
594 3511 769 3602 postulavit
820 3511 951 3579 Danaus
975 3521 1022 3579 ut,
1039 3531 1239 3598 responaens

56 3601 230 3690 comperit,
252 3602 342 3688 quod
359 3601 484 3686 generi
503 3601 561 3663 cui
582 3596 743 3664 menibus
767 3597 980 3662 interiturus
990 3593 1108 3683 joret,
1137 3598 1196 3660 Ar-

54 3711 118 3775 gos
139 3686 306 3776 profectus
327 3698 392 3763 est,
420 3686 597 3774 et'primus
617 3683 731 3750 dicitur
752 3703 847 3749 nares
870 3682 994 3748 fecisse.
1046 3683 1074 3748 Α
1107 3681 1197 3770 cujus

54 3774 184 3840 nomine
216 3773 306 3858 Argo
350 3770 436 3837 dicta
466 3781 516 3837 est
555 3769 651 3836 navis.
702 3769 779 3833 Hoc
809 3767 1005 3856 comperiens
1041 3767 1197 3855 Egestus,

53 3860 141 3927 misit
160 3857 242 3924 filios
263 3880 338 3922 suos
359 3855 401 3921 ad
422 3854 678 3944 persequendum
700 3855 850 3934 fratrem,
886 3855 988 3941 iisque
1021 3855 1195 4013 praecepit,
1264 3920 1268 3931 ,
1323 3879 1326 3883 ·

53 3958 92 4015 ut
114 3938 171 4010 aut
192 3944 340 4010 Danaum
360 3943 591 4024 interficerent,
626 3951 681 4007 aut
713 3939 755 4005 ad
789 3962 906 4007 senon
929 3937 1077 4006 redirent
1163 3939 1236 4008 uilo

54 4043 227 4123 postrpuam
263 4040 416 4096 venerunt
449 4032 555 4115 Argos
597 4036 772 4114 coeperunt
808 4046 1012 4114 oppugnare:
1060 4025 1193 4096 Mutus

52 4130 224 4271 postquam
247 4115 340 4197 vidit,
361 4138 398 4181 se
421 4116 568 4182 resistere
590 4136 653 4178 non
675 4135 787 4199 posse,
805 4112 897 4179 ‘filias
920 4133 994 4177 suas
1017 4110 1121 4178 fratris
1143 4110 1192 4176 sui
1219 4138 1224 4145 ·

76 4205 123 4271 liis
148 4201 309 4292 conjunxit
333 4223 458 4270 uxores.
504 4201 598 4277 Quae
620 4211 754 4288 nuptae,
781 4196 874 4285 jussu
896 4197 995 4287 patris
1018 4197 1100 4264 viros
1122 4195 1190 4262 uui-
