2692 4606
279 185 468 287 ,uptus
496 123 568 260 ur.
622 183 685 259 rr.
739 182 940 283 roffae.
992 272 994 277 ,
1110 182 1193 260 asa

56 372 143 437 tibus
166 373 234 459 apri
266 373 489 455 intersectum
528 385 672 460 tuncque
698 372 843 440 lacrimas
870 371 1016 439 imbrium
1038 381 1070 440 et
1090 373 1192 439 llucn-
1259 383 1260 386 ’

57 470 164 523 torum
186 474 272 524 terra
303 458 457 546 producit.
509 459 561 523 De
588 461 701 524 Adone
728 471 834 526 tamen
864 470 970 525 amato
1000 456 1192 544 Fulgentius

56 541 143 608 aliud
166 545 293 610 sentit.²
326 544 422 618 Quod
444 554 479 609 ut
498 544 555 610 liat
575 545 768 624 evidentius,
803 546 844 608 ab
868 544 976 611 altiori·
996 544 1191 617 inchoemus.

56 629 191 717 Myrrha
212 631 320 716 itaque
349 642 471 716 patrem
493 653 618 696 amasse
648 630 762 697 dicitur
784 642 909 695 etcum
933 627 1048 695 eodem
1067 631 1189 696 ebriato

57 716 278 780 concubuisse.
320 716 382 788 Qui
426 738 501 790 uum
521 738 588 782 rem
610 717 775 792 rescisset,
797 717 965 802 evaginato
988 737 1058 780 eam
1079 730 1214 804 perse-5
1240 756 1242 761 ·

55 810 152 867 cutus
173 810 223 867 est
242 798 359 887 gladio.
403 739 468 866 lta
505 798 537 865 in
572 803 719 867 arborem
756 802 915 891 myrrham
946 804 1190 869 conversa'est.

56 887 163 958 Quam
207 908 280 951 unm
302 897 394 973 pater
413 884 521 972 gladio
550 888 773 974 percussisset,
807 885 924 953 Adonis
954 886 1068 954 exinde
1096 898 1189 954 natus
1279 932 1280 939 .

58 982 118 1036 est.
206 971 301 1061 yrrha
321 972 421 1061 igitur
442 993 545 1058 genus
566 984 616 1039 est
636 973 757 1039 arboris
778 971 809 1036 in
831 973 941 1052 ludia,
978 996 1062 1060 quae
1083 972 1191 1038 calore

57 1056 132 1122 solis
168 1060 344 1139 crematur,
380 1079 492 1145 quem,
531 1067 566 1124 ut
593 1057 868 1146 supradiximus,
901 1069 1024 1147 petrem
1050 1059 1191 1124 omnium
1262 1134 1267 1140 ,

56 1164 132 1208 esse
153 1140 317 1224 dicebant,
352 1142 438 1230 quod
461 1143 527 1231 ejus
548 1145 700 1232 opitulatu
722 1155 838 1210 cuncta
864 1146 1044 1231 germinum
1064 1143 1233 1213 adoles-1⁰

54 1239 113 1295 cat
148 1229 300 1305 varietas:
338 1228 424 1293 nrrde
463 1232 585 1315 patr-'em
621 1252 746 1295 amasse
784 1228 909 1296 dicitur.
955 1231 1063 1307 ,Quae
1091 1252 1189 1318 quum
1222 1268 1265 1310 ff

57 1310 239 1399 grandioris
277 1314 373 1380 fucrit
410 1315 551 1391 roboris,
588 1315 681 1380 solis·
704 1313 870 1380 ardoribus
906 1336 1040 1405 crepans
1077 1316 1190 1382 rimam

59 1398 179 1476 ellicit,
210 1419 267 1486 per
284 1421 380 1485 quam
402 1421 514 1466 sucum
531 1399 685 1479 desudat,
707 1400 760 1485 qui
778 1398 889 1466 itidem
909 1401 1037 1487 myrrha
1057 1399 1190 1480 dicitur3
1268 1436 1270 1445 ·

58 1485 101 1550 oh
124 1506 218 1571 quam
240 1506 309 1549 rem
326 1483 470 1550 Adonem
490 1484 592 1550 fertur
621 1485 788 1570 genuisse,
825 1485 879 1570 qui
907 1486 1065 1549 suavitas
1090 1486 1188 1550 inter-

80 1582 221 1652 retatur3
244 1568 335 1634 hacc
363 1570 445 1635 enim
474 1570 596 1658 speeies
625 1569 727 1637 odore
746 1568 849 1634 suavis
873 1579 932 1634 est.
979 1568 1058 1635 Ideo
1080 1581 1230 1638 autemlt

56 1593 168 1720 h'enus
189 1676 261 1718 eum
284 1677 408 1721 amasse
425 1655 557 1735 dicitur,
588 1655 662 1742 quia
692 1654 755 1720 hoc
783 1677 888 1740 genus
938 1652 1068 1738 igmcnti
1097 1653 1189 1720 valde
1281 1730 1285 1741 Ι

57 1738 100 1806 sit
119 1737 285 1805 fervidum.
301 1793 310 1817 ,,
329 1738 424 1806 Unde
444 1751 478 1808 et
498 1741 669 1808 Petronius
697 1739 822 1806 Arbiter
849 1738 892 1804 ad
915 1677 1053 1807 libidinis
1076 1740 1196 1807 conci*

10 1868 14 1879 ·
57 1833 233 1892 tomentum
256 1848 292 1890 se
312 1825 505 1915 myrrhinum
530 1826 677 1914 poculum
699 1825 816 1891 bibisse
833 1825 940 1891 refert
1198 1893 1201 1915 Ι

145 1912 196 1975 18.
239 1910 311 1976 Cur
338 1916 435 1976 Amor
467 1913 600 1979 Veneris
630 1911 756 1976 dicetur
781 1909 884 1990 filius,
923 1907 1023 1974 nullus
1048 1908 1188 1996 ignorat,

57 2017 158 2082 quum
178 2012 218 2061 ex
240 1997 404 2084 voluptatis
427 1995 585 2063 desiderio
606 2019 746 2062 amorem
768 1997 854 2061 nasci
876 2007 997 2061 certum
1019 1993 1068 2061 sit.
1110 1995 1230 2062 Pin-2⁰

56 2084 147 2167 gitur
167 2095 273 2146 autem
295 2089 392 2148 Amor
411 2105 524 2166 pucr,·
542 2083 616 2170 quia
646 2080 846 2168 turpitudinis
879 2097 927 2147 est
949 2073 1043 2146 stulta
1065 2080 1187 2167 cupidi-

56 2180 127 2241 tas,
157 2180 200 2232 et*
218 2167 290 2252 qrria
311 2169 516 2254 imperfectus
545 2180 594 2233 est
620 2167 652 2232 in
682 2168 876 2245 amantibus,
910 2166 994 2233 sicut
1015 2166 1047 2233 in
1068 2167 1186 2256 puetis,

10 2282 13 2325 ;
55 2274 173 2319 sermo.
219 2253 312 2318 Unde
332 2253 480 2351 Virgilius
502 2253 543 2318 de
569 2253 698 2319 Didone
719 2264 862 2342 amante:
935 2291 955 2339 ,-
1027 2265 1031 2272 '

141 2337 275 2422 Incipit
298 2335 419 2424 effare,
454 2338 634 2426 medioque
655 2338 693 2401 in
714 2360 791 2402 voce
813 2335 959 2402 resistit.

53 2421 182 2494 Aletes,
216 2423 290 2510 quia
327 2424 503 2491 amantibus
534 2443 598 2487 non
633 2423 729 2488 lerina
761 2419 877 2508 aliquid
905 2444 965 2487 nec
995 2421 1227 2489 mutabiliusas

55 2507 204 2593 Sagittas
227 2509 305 2586 lert,
340 2532 422 2597 qnae
451 2520 484 2576 et
514 2508 605 2594 ipsae
623 2509 765 2575 incertae
785 2516 859 2575 sunt
880 2518 913 2573 et
933 2504 1091 2590 reloces'p'
1110 2509 1185 2589 sire,

53 2600 92 2658 ut
112 2592 178 2657 vult
200 2592 385 2680 Remigius,
417 2596 490 2683 qnia
512 2592 705 2661 conscicntia
726 2592 861 2659 criminis
882 2594 1055 2680 perpetrati
1075 2595 1186 2662 stimu-

52 2677 99 2743 let
117 2692 266 2743 mentem.
321 2681 425 2745 Aurea
459 2689 564 2746 autem
587 2680 706 2767 sagitta
726 2700 868 2744 amorem
895 2679 1018 2756 mittit,·
1061 2678 1186 2746 lumhea
1228 2740 1234 2756 ,

53 2761 155 2841 tollit,
176 2763 250 2850 quia
271 2766 389 2832 amanti
410 2788 499 2831 amor
519 2765 668 2855 pulcher,
688 2775 725 2832 ut
745 2786 867 2843 aurum,
889 2786 953 2829 non
975 2703 1092 2834 amdhti
1109 2787 1185 2830 vero

53 2871 109 2914 res
130 2849 252 2934 gravis,
285 2862 321 2917 ut
336 2851 516 2939 plumbum,
545 2849 680 2933 videtur.
721 2850 801 2916 Ideo
823 2847 943 2931 nudus,
980 2851 1054 2938 quia
1086 2852 1228 2939 turpi-so

54 2931 137 3002 tudo
160 2956 180 2999 a
200 2933 292 3002 nudis
313 2938 495 3023 peragitur3
533 2935 580 3004 vel
607 2937 682 3024 quia
710 2936 741 3002 in
761 2959 800 3001 ea
821 2935 1016 3023 turpitudine
1044 2938 1116 3002 nihil
1137 2948 1187 3003 est

51 3029 226 3089 secretum.
279 3022 374 3089 Duae
411 3037 517 3090 autem
546 3022 719 3088 seeundum
751 3019 887 3086 eundem
908 3021 1092 3109 Remigium
1111 3034 1187 3090 sunt

53 3106 218 3187 Veneres;
247 3128 311 3174 una
333 3120 421 3174 casta
444 3123 476 3176 et
494 3107 627 3194 pudica,
648 3128 745 3196 qnam
766 3107 905 3173 honestis
926 3129 1075 3195 praeesse
1097 3131 1186 3173 amo-
1231 3110 1247 3203 j'p
1274 3116 1307 3172 s

50 3191 161 3270 ribus,
195 3213 353 3281 quamque
382 3194 511 3261 Vulcani
534 3194 610 3259 dicit
628 3215 776 3273 urorcm;
812 3191 927 3258 dicitur
947 3193 1046 3258 altera
1076 3193 1185 3281 volup·
1242 3170 1273 3222 s

52 3276 154 3356 taria,
189 3277 350 3344 libidinum
388 3279 465 3361 dea,
485 3280 597 3370 elcujus
635 3277 939 3366 Hermaphroditum
977 3277 1053 3345 dicit
1085 3279 1228 3344 liliumtb
1304 3344 1307 3355 ,

52 3363 164 3427 fuisse.
205 3362 384 3452 Itidemque
404 3367 537 3432 Amores
558 3363 741 3446 duo;‚alter
763 3367 863 3429 bonus
884 3376 916 3431 et
937 3363 1090 3450 pudicus,
1119 3387 1184 3450 quo
1255 3374 1258 3389 '

18 3446 22 3457 '
51 3446 207 3599 epplentia
227 3461 261 3516 et
280 3451 409 3517 virtutes
430 3462 591 3532 amantur;
621 3448 703 3516 alter
720 3448 898 3537 impudicus
918 3461 951 3516 et
971 3449 1088 3528 malus,
1118 3450 1184 3537 quo

52 3556 72 3598 a
129 3533 205 3600 vitia
218 3572 221 3579 ·
234 3535 428 3602 inclinamur.
487 3538 596 3613 Quare
625 3536 721 3602 etiam
760 3535 803 3601 ad
842 3534 1075 3603 distinctionem
1109 3535 1185 3601 honi

50 3617 170 3687 amoris
193 3617 353 3708 pluraliter
371 3625 503 3689 Amores
523 3624 645 3712 plerum
668 3645 709 3688 ue
737 3620 938 3724 appellamus.
1020 3642 1023 3647 ·

140 3706 192 3772 19.
234 3706 285 3773 td
306 3707 399 3775 hu‘us
420 3709 558 3796 figuram
579 3645 685 3774 fabula
704 3707 834 3795 respicit
848 3707 890 3772 de
911 3706 1002 3772 Hero
1024 3715 1057 3773 et
1075 3705 1245 3773 Lean-to-

49 3790 113 3856 dro
135 3791 282 3860 conficta.
367 3817 422 3859 ero
445 3795 528 3862 enim
556 3815 654 3857 arnor
662 3802 679 3873 ,⁸
702 3790 853 3859 Leander
880 3791 1037 3857 virorum
1059 3792 1185 3856 solutio

48 3878 289 3964 interpretatur.
337 3879 459 3947 Amavit
477 3881 578 3967 igitur
590 3877 716 3967 juvenis
737 3877 887 3945 Leander
914 3875 1027 3942 Heron
1049 3874 1183 3964 puellam

47 3963 301 4033 transmarinam.
344 3965 394 4030 Ad
414 3988 509 4054 quam
530 3963 691 4054 qunmde
706 3977 801 4032 nocte
820 3974 955 4042 nataret,
976 3962 1027 4028 illa
1044 3963 1076 4028 in
1097 3973 1184 4029 terra

48 4058 166 4114 eontra
186 4060 292 4127 stans,
314 4072 354 4114 ne
375 4074 394 4116 a
415 4075 475 4118 suo
496 4051 588 4120 litore
609 4051 792 4131 aberraret,
817 4046 996 4136 lampadem
1014 4047 1043 4115 ei
1067 4070 1183 4113 aecen-

48 4133 160 4199 debat.
214 4133 362 4206 Quadam
384 4148 479 4205 nocte
499 4151 571 4205 orta
590 4144 780 4223 tempestate
810 4135 1013 4239 extinctaque
1043 4134 1225 4214 lucennaco

10 4280 13 4285 .
44 4218 172 4311 juvenis
191 4221 375 4290 submersus
395 4235 454 4291 est.
497 4224 600 4313 Cujus
620 4243 738 4312 corpus
758 4221 811 4291 ubi
833 4221 924 4310 virgo
944 4219 1020 4290 rrdit
1035 4221 1181 4312 ejectum,
