2684 4606
266 211 294 259 .·
369 187 553 292 myuogr.
582 188 635 265 u.
689 184 939 266 eos-aro.
1153 186 1233 267 aar

84 367 229 453 Postea,
260 369 498 453 discedentibus
521 374 675 454 Graccis,
698 399 797 462 quum
819 374 932 441 vellent
955 373 1088 462 Troiani
1112 374 1233 440 sacrifi-

86 479 165 524 care
184 457 357 547 Neptuno,
379 457 547 538 Laocoon,
569 462 768 551 Thymbraei
788 461 938 550 Apollinis
960 459 1124 543 sacerdos,
1146 472 1233 527 'sorte

85 542 206 610 ductus
234 555 301 622 est,
342 552 384 611 ut'
410 542 492 612 solet
518 546 607 630 fieri,
649 571 748 634 quum
784 547 878 613 deest
909 544 1064 613 sacerdos
1094 546 1232 612 Cereris.
1330 573 1333 577 ·

86 630 154 695 Hic
191 629 354 718 piaculum
390 629 541 698 commise
579 644 594 700 t
623 643 698 698 ante
718 633 931 702 simulacrum
960 631 1113 711 numinis,
1160 655 1233 697 cum

83 735 188 781 uxore
200 736 269 784 rem
288 716 457 799 habendo;
479 730 554 785 eto
598 718 673 801 hoc,
693 719 842 791 immissis
853 717 1059 801 draconibus,
1083 716 1259 786 intorem-5

85 811 139 869 tus
161 810 222 869 est.

337 908 339 913 .
446 906 543 1011 208.
586 930 869 1040 Pyrrhus.

170 1048 310 1133 Devicta
337 1072 445 1141 autem
466 1064 585 1148 Tro'a,
613 1065 760 1171 Pyrrhus
790 1059 1053 1147 Andromachen,
1081 1061 1235 1142 Hectoris
1321 1124 1324 1128 .

88 1170 240 1233 uxorem„
267 1173 343 1218 cum
363 1147 507 1231 Heleno,
570 1151 658 1219 riarm
679 1152 762 1233 filio,
795 1160 884 1219 sorte
905 1152 1040 1239 accepit.
1084 1152 1233 1219 Consac-

87 1234 169 1303 tudo
190 1248 299 1305 autem
320 1237 413 1325 regia
434 1236 512 1318 fuit,
540 1248 577 1306 ut
606 1237 782 1327 legitimam
810 1259 875 1303 non
904 1236 1058 1303 habentes
1087 1258 1279 1318 uxorem,10

79 1323 126 1388 'ah
149 1344 242 1404 uam,
270 1320 345 1388 licet
367 1322 542 1411 captivam,
571 1334 680 1391 tamen
703 1346 762 1413 pro
786 1323 816 1388 le
841 1323 928 1389 itima
950 1322 1121 1404 haberent}
1151 1323 1234 1389 adeo

86 1346 235 1474 utliberi
249 1431 297 1474 ex
319 1431 357 1474 ea
380 1409 446 1475 nati
466 1406 687 1476 succederent.
731 1346 878 1499 Pyrrhus
906 1409 1009 1496 igitur
1037 1410 1127 1496 quasi
1154 1409 1234 1496 legi-

86 1494 196 1561 timam
225 1495 310 1560 hanc
337 1494 458 1561 habuit}
501 1494 554 1561 Ex
579 1495 769 1584 ipsatilium
789 1494 966 1581 Molossum
988 1496 1147 1581 suscepit,
1181 1497 1246 1582 qui'
1287 1543 1289 1550 .

58 1633 60 1639 .
87 1581 246 1648 successit
267 1580 360 1669 patri,
383 1604 402 1648 a
444 1603 488 1645 uo
508 1580 712 1663 Molossia
733 1580 818 1647 dicta
841 1591 986 1668 estpars
1012 1580 1113 1667 Epiri,
1137 1604 1234 1666 quam

85 1664 234 1734 Helenus
272 1677 362 1734 ostes
380 1689 401 1732 a
423 1604 521 1732 hatre
540 1667 733 1746 Chaone,
756 1688 854 1755 quem
872 1666 907 1732 in
930 1675 1047 1731 renutu
1060 1682 1124 1754 per¹
1140 1667 1278 1753 igno-ts

87 1753 224 1819 rantiam
247 1691 363 1820 dicitur
385 1750 558 1835 occidisse,
578 1753 808 1820 Chaoniam
829 1750 921 1903 qoasi
942 1750 985 1817 ad
1006 1751 1153 1818 solatium
1171 1754 1235 1818 fra-

87 1838 145 1904 tris
177 1839 308 1905 extincti
341 1837 520 1905 nontinavit.
563 1840 686 1906 Postea
718 1862 819 1929 quum
876 1838 992 1927 yrrhus
1023 1837 1116 1903 vellet
1148 1838 1235 1903 Her-

89 1923 237 2006 mionen,
278 1924 416 1991 Menelai
446 1936 479 1991 et
498 1924 646 1992 Helenae
667 1927 781 2015 finam,
809 1924 919 1990 Oresti
942 1940 1035 1990 antea
1053 1918 1235 2010 desponsa·
1293 1952 1296 1958 ¹

87 2012 170 2090 tam',
192 2032 328 2076 uxorem
349 2009 486 2090 ducere,
512 2012 553 2076 ab
579 2013 698 2078 Oreste
719 2013 751 2077 in
774 2009 893 2097 templo
915 2009 1063 2098 Delphici
1086 2011 1235 2096 Apollinis

86 2096 216 2162 occisus
239 2108 297 2163 cst.
329 2096 452 2164 Verum
470 2096 611 2164 moriens
658 2097 815 2184 ruecepit,
837 2106 875 2161 ut
895 2095 1128 2174 Andromache,
1150 2122 1279 2183 <praeeo
1330 2121 1333 2125 ·

86 2180 176 2269 apud
191 2181 274 2248 ¹eum
294 2182 441 2334 conjuyis
462 2193 611 2250 tenuerat
630 2122 655 2248 l

642 2207 756 2263 ocum,
786 2179 914 2246 Heleno
943 2181 1076 2248 daretur
1105 2197 1236 2271 prepter

84 2266 297 2351 heneficium,
319 2292 383 2357 quo
429 2290 504 2335 eum
525 2293 544 2335 a
567 2269 770 2357 navigatione
810 2266 1015 2347 rohibnerat,
1045 2267 1236 2355 praedicens

85 2351 146 2433 illi,
167 2374 279 2420 omnes
301 2355 448 2442 Graecos
471 2352 579 2444 (quod
598 2365 631 2421 et
652 2289 808 2442 contigitl
828 2351 998 2440 naufragio
1018 2374 1091 2419 esse
1111 2355 1234 2442 peritu-

84 2458 152 2508 ros.
194 2436 277 2506 Inde
294 2439 415 2509 factum
444 2451 499 2522 ut,
520 2450 650 2508 mortuo
669 2434 985 2534 Pyrrho,Helenus
1007 2450 1172 2529 regnaret
1200 2462 1204 2469 ·
1256 2474 1259 2481 ·

278 2610 377 2687 209.
431 2610 621 2689 Hecuba
657 2621 701 2685 et
733 2610 1040 2714 Polymestor.
1199 2647 1202 2652 ·
1241 2637 1278 2687 ss

146 2738 305 2808 *Praeda
333 2743 434 2830 igitur
460 2755 576 2833 captae
605 2741 728 2828 'l'rojae
759 2740 877 2821 divisa,
918 2740 1077 2820 Hecuba,
1114 2737 1236 2805 Priami

86 2826 228 2915 conjux,¹
253 2827 338 2894 Ulixi
366 2841 454 2898 sorte
475 2831 586 2896 cessit
629 2828 724 2902 Quae
746 2827 915 2894 novissime
932 2824 1164 2894 ‘acerbitatibus
1188 2825 1236 2889 in-

86 2914 202 2979 teritus
226 2912 425 3003 Astyanactis
451 2928 484 2982 et
504 2917 706 3004 Polyxenae,
726 2912 759 2978 in
781 2917 875 2979 busto
890 2914 1014 2979 Achillis
1033 2914 1235 2989 interemtae,

87 3020 256 3078 maerens,
289 3023 390 3087 quum
421 3002 456 3067 in
486 3001 588 3067 classe
616 2999 779 3066 Thraciae
801 3014 886 3066 esset
915 2998 1065 3087 appulsa,
1104 2997 1233 3084 reliquis

86 3082 197 3151 liberis
228 3084 325 3165 orba,
355 3085 558 3176 Polydorum
576 3084 675 3151 filium
693 3106 804 3164 suum,
833 3084 1048 3175 Polymesturi
1070 3083 1279 3158 Tlrraciaeao

85 3171 160 3259 regi
183 3168 265 3236 clam
287 3172 508 3261 commissum,
535 3169 726 3241 incolumem
748 3194 889 3255 manere,
905 3173 983 3239 dum
1004 3170 1173 3259 sperabat,
1202 3169 1235 3233 iu

84 3254 182 3323 litore
203 3278 277 3321 eum
299 3280 509 3345 exsanguem.
529 3258 681 3325 fluctibus
705 3255 737 3344 in
762 3267 880 3325 terram
902 3257 1059 3347 ejectum,
1091 3254 1235 3325 animad-

87 3343 192 3408 vertit.
234 3342 439 3435 Polymestor
472 3343 555 3410 enim
576 3352 720 3433 ,propter
750 3364 882 3423 aurunt,
915 3341 1003 3431 quod
1036 3342 1077 3409 ab
1113 3340 1236 3419 infante

86 3426 254 3518 Polydoro
275 3430 335 3497 sibi
355 3431 508 3499 traditum
531 3431 654 3508 luerat,
676 3429 808 3495 avaritia
832 3429 949 3497 ductus
970 3450 1044 3494 eum
1062 3425 1234 3500 interfecit,

87 3524 120 3580 et
140 3526 180 3580 ut
202 3512 325 3583 facinus
356 3517 532 3596 celaretur,
565 3517 599 3583 iu
629 3512 1082 3617 profundum'praecipitarit.
1136 3510 1277 3590 Quodgg,

85 3598 229 3666 Hecuba
242 3602 454 3690 comperiens,
479 3627 515 3669 se
527 3600 568 3669 ud
581 3622 694 3690 regem
705 3601 886 3668 transmisit.
925 3600 1098 3690 Tyrannus
1111 3616 1186 3662 vero
1201 3597 1235 3663 id

87 3707 161 3752 esse
182 3687 366 3754 existimans
394 3690 514 3778 petenti
543 3698 722 3764 secretum,
746 3685 835 3753 dedit
857 3685 1059 3774 colloquium.
1095 3685 1236 3749 Hecuba

86 3784 197 3838 autem
220 3773 250 3837 ei
270 3772 391 3841 lumina
414 3774 551 3844 abstuht.
588 3770 867 3861 Quamflhraces
889 3772 966 3840 dum
986 3781 1235 3861 persequuntur,

84 3856 117 3922 in
141 3858 232 3927 canis
253 3860 394 3947 figurem
416 3886 508 3930 versa
530 3884 603 3930 esse
623 3859 750 3931 dicitur.
766 3878 781 3943 ζ
1021 3878 1024 3883 ·

415 4032 511 4109 210.
565 4034 906 4109 Idomeneus.
1242 4048 1279 4097 co

174 4159 387 4246 idomeneus,
419 4165 624 4233 Cretensium
652 4185 727 4242 rex,
757 4182 857 4251 quum
884 4167 960 4246 post
979 4177 1124 4223 eversam
1148 4154 1233 4219 Tro-

84 4242 150 4332 iam
183 4260 420 4334 reverteretur,
459 4251 585 4319 decerit
625 4260 758 4340 propter
792 4244 987 4323 sedandam„
1001 4252 1235 4330 tempestatas,

809 4362 956 4428 lll‘
