2684 4606
285 201 507 345 suyaagr.
536 216 613 296 111,
658 179 728 297 ‘aa
768 180 924 309 a-u
1002 260 1026 323 χ
1093 153 1197 297 aas
1281 302 1340 333 ,Ι

185 462 190 471 .
477 402 574 468 novit
595 411 742 490 namque
767 405 883 468 nuntio
904 413 1017 484 cutes,
1062 439 1065 447 ν

153 485 253 566 Quae
266 486 351 566 sint,
391 485 618 575 transiuerant,
634 511 722 575 pune
736 511 815 552 mox
826 500 974 554 centurn
988 487 1198 574 trahantur)
1231 530 1234 537 »

64 590 146 635 sane
168 583 291 639 tantum
312 511 551 660 inteiligendum
573 587 638 654 est3
673 572 880 662 temporalem
911 574 994 639 enim
1017 574 1235 661 suscepisse=
1329 600 1331 605 ’

63 652 222 722 dicendus
245 668 296 724 est
326 657 536 739 divinitatem3
571 659 706 747 alioquin
738 659 857 724 rescire
882 659 985 750 potnit
1013 658 1108 725 etiam
1135 660 1194 725 sibi
1324 669 1332 684 ¹

16 815 17 818 Ἴ
55 739 190 805 nincnla
224 742 409 831 injecturos.
441 823 445 830 Ι
477 742 549 809 Nec
587 744 726 811 absurde
763 743 879 810 ibidem
916 744 1095 830 subjectum
1129 757 1219 816 esca

66 825 208 923 Quippe
227 827 282 892 itu
301 826 469 916 Neptuno
486 828 604 893 cisum
625 819 685 896 eit.
729 829 884 915 Quotiens
915 818 997 896 onim
1029 831 1108 896 ratio
1133 852 1197 895 non

64 920 221 996 apparet,
251 913 302 976 sic
321 913 436 977 visum
456 911 686 1000 interponitur3
716 925 752 981 ut
772 918 945 984 Horatius:
991 915 1050 979 Sic
1072 914 1196 996 cistam,
1227 932 1231 939 ·

63 995 183 1144 inrpuit,
211 994 362 1079 Veneri,
386 1016 488 1086 ¹quum
511 1021 653 1065 amorem
676 1000 860 1069 ostenderet
881 1025 944 1068 non
966 1023 1038 1067 esse
1060 999 1196 1087 pulchri·
1267 1044 1271 1052 -

64 1093 101 1147 tu
125 1081 192 1146 inis'.
235 1080 281 1147 Et
304 1081 388 1147 bene
409 1085 571 1150 accusatio
601 1081 733 1152 ia'deos
755 1087 916 1173 quandam
946 1085 1044 1152 habet
1066 1108 1197 1152 venera-
1269 1100 1271 1105 ’

65 1166 202 1247 tionem;
241 1166 377 1253 alioquin
414 1170 616 1257 sacrilegium
652 1183 709 1238 est
765 1175 821 1239 Sic
855 1175 893 1257 in¹
927 1169 1083 1263 principio
1113 1170 1240 1242 tertiiro
1314 1234 1317 1243 .

67 1252 227 1316 Aeneidos
249 1251 368 1318 dictum
389 1263 455 1320 est:

152 1338 347 1424 Postquam
367 1358 423 1401 res
444 1337 555 1406 Asiae
577 1336 786 1427 Priamique
806 1351 956 1406 evertere
974 1351 1117 1430 gentem

151 1421 371 1489 Immeritnm
398 1422 513 1488 visum
540 1425 684 1510 snperr'a.
728 1459 1008 1475 -—---v--

65 1506 164 1580 Quod
186 1517 293 1572 tamen
315 1507 452 1572 nonnulli
473 1509 567 1574 etiam
591 1507 717 1574 laudem
733 1505 855 1594 'l'rojae
870 1520 941 1571 esse
963 1504 1081 1589 dicunt,
1104 1530 1200 1599 qulam

66 1591 213 1677 videlieet
238 1592 358 1659 nonnisi
380 1591 424 1657 dii
456 1593 624 1683 potuerint.
644 1595 838 1659 subvertere.
890 1589 1048 1659 Proteum
1079 1617 1241 1674 senem,15

66 1678 150 1746 sicut
172 1690 207 1746 et
235 1695 345 1743 omnes
377 1677 446 1743 fere
480 1678 558 1746 deos
591 1679 751 1759 marinos,
795 1677 941 1764 fingunt,
988 1676 1063 1766 quia
1093 1678 1202 1747 albere

67 1785 180 1832 eornm
202 1764 345 1851 ferantur
366 1762 471 1851 capita
492 1763 613 1854 spumis
634 1783 798 1854 aquarum.
912 1787 915 1797 ·

433 1901 510 1977 ius
553 1903 824 1980 Bacchus.

113 2050 118 2061 ·
156 2025 195 2094 1.,
227 2020 378 2112 Bacchus
402 2046 546 2114 quoquc,
577 2026 609 2092 id
632 2038 681 2094 est
702 2048 817 2092 numen
848 2022 934 2114 quod
965 2025 1078 2092 vitibus
1108 2045 1214 2113 prae⁸⁴
1256 2062 1264 2080 ·

68 2121 135 2186 est,
157 2109 246 2175 Jovis
267 2110 349 2175 filius
371 2108 497 2178 dicitur.
541 2113 628 2177 Huic
643 2113 792 2192 -divcrsa',
816 2111 898 2178 sicut
921 2122 954 2177 et
975 2111 1062 2187 aliis,
1097 2113 1273 2198 assig-zu.
1324 2140 1337 2149 ··

67 2207 144 2262 nant
167 2195 329 2271 vocabula,
373 2194 498 2261 Dicitur
520 2195 640 2278 Liber,
693 2199 745 2264 uia
766 2197 862 2264 etiam
895 2197 976 2262 servi
1000 2196 1078 2262 ebrii
1097 2194 1202 2266 liberi
1328 2199 1333 2208 ‘

68 2281 128 2347 sibi
150 2281 314 2360 videntur,
335 2279 468 2348 undeet
491 2280 619 2349 dicitur:
669 2221 766 2347 lianc
781 2303 917 2368 pauper
934 2303 1065 2346 cornua
1084 2280 1202 2354 sumit,

68 2368 102 2433 id
125 2378 176 2433 est
197 2367 366 2432 elationem
385 2378 418 2433 et
439 2367 682 2447 confidentiam
716 2367 800 2446 sive,
838 2378 875 2430 ut
896 2365 1025 2453 dicunt,
1053 2365 1128 2453 quia
1149 2363 1200 2429 lric
1259 2409 1262 2418 a

69 2451 151 2518 deus
173 2474 296 2531 mares,
325 2451 427 2518 missii
449 2454 639 2534 seminibus,
669 2453 790 2519 liberet.
846 2450 929 2517 Natu
960 2473 1019 2539 per
1039 2451 1198 2516 Junonem

68 2538 225 2617 feminae,
259 2559 317 2624 per
345 2536 499 2603 Liberum
530 2563 633 2606 mares
660 2537 787 2605 liberari
817 2533 965 2631 dicuntur
994 2549 1040 2621 et,
1055 2534 1241 2622 purgari.25

67 2623 171 2689 Liber
203 2621 298 2689 etiam
331 2623 436 2688 vocari
464 2626 594 2706 meruit,
653 2624 720 2691 uod
741 2647 761 2689 a
782 2620 866 2688 curis
899 2622 1041 2688 homines
1062 2618 1211 2700 liberet}

67 2712 135 2775 sive
156 2708 274 2785 Liber,
313 2707 389 2796 quia
409 2732 503 2774 sacra
522 2711 589 2800 ejus
612 2647 653 2775 all
675 2711 897 2807 purgationem
920 2707 1042 2773 animae
1064 2706 1201 2792 pertine·

66 2794 156 2861 bant
201 2791 304 2860 ‹Unde
336 2793 513 2862 secundum
552 2795 790 2884 prudentiores,
838 2805 872 2860 ut
912 2815 948 2859 sn
975 2802 1010 2857 ra
1057 2791 1203 2873 diximus,
1258 2816 1270 2839 ⁹

67 2879 193 2948 dictum
221 2890 284 2945 est:
942 2817 1086 2964 illique
1196 2963 1199 2969 .

24 2998 27 3003 ·
158 2963 293 3029 Oscillu
312 2985 355 3026 eu
381 2963 460 3029 nltn
485 2964 701 3052 suspendunt
728 2963 848 3029 mollin
869 2962 971 3051 pinu.
1206 2982 1244 3032 ab

67 3051 160 3119 Hinc
179 3060 214 3115 et
234 3070 352 3114 vannus
373 3051 419 3127 ei,
440 3047 473 3116 id
494 3061 545 3116 est
565 3051 704 3116 cribrum
727 3049 880 3128 Cereale,
902 3048 1008 3114 dicata
1031 3058 1097 3126 est;
1127 3044 1202 3133 quia
1235 3104 1237 3108 .
1300 3112 1308 3120 ,

68 3137 163 3208 sicut,
176 3135 282 3200 vannis
305 3134 481 3214 frumenta,
508 3136 554 3201 sic
577 3136 645 3221 eius
669 3134 824 3226 mysteriis
846 3133 989 3200 homines
1010 3143 1201 3220 purgantur.

68 3222 126 3289 Ob
147 3226 243 3309 quam
265 3241 333 3287 rem
358 3232 389 3288 et
404 3272 406 3277 ⁴
422 3242 557 3287 vannum
586 3210 736 3309 Virgilius
758 3220 922 3309 mysticam
944 3217 1088 3309 appellat.
1132 3215 1200 3282 Sed
1296 3225 1312 3297 j

69 3318 105 3374 et
125 3306 279 3374 libertatis
301 3313 381 3371 eum
395 3304 490 3383 deum
514 3329 586 3374 csse
614 3307 758 3397 plerique
778 3317 958 3373 sanxerunt.
1000 3301 1201 3401 Undeinter

68 3392 160 3460 initia
182 3394 308 3461 urbium
329 3390 568 3460 condendarum
591 3415 663 3460 cum
686 3392 799 3459 ceteris
821 3391 999 3458 numinibus
1017 3388 1243 3475 auspicibussctv
1294 3414 1296 3419 ·

69 3484 261 3566 coeptorum
283 3498 414 3564 operum
441 3478 481 3543 illi
499 3500 642 3567 quoque,
674 3489 709 3544 nt
729 3477 906 3546 libertatem
928 3476 1048 3543 civibus
1070 3494 1201 3539 conser-

69 3574 180 3646 varet,
232 3564 481 3631 sacrificabatur.
513 3616 517 3621 .
549 3566 703 3631 Civitates
742 3565 827 3631 enim
870 3573 925 3629 arnt
977 3558 1203 3648 stipendiariae

70 3661 185 3729 erant,
211 3639 272 3716 aut*
288 3649 489 3734 foederatae,
504 3700 507 3705 .
520 3663 577 3717 aut
596 3651 722 3716 liberae.
765 3651 804 3715 ln
835 3646 941 3713 liberis
963 3656 1070 3712 autem
1093 3645 1202 3711 civita-

68 3738 157 3806 tibus
180 3737 211 3801 in
234 3737 360 3822 signum
388 3735 540 3804 libertatis
566 3736 767 3802 simulacrum
798 3734 948 3834 Marsyae
970 3739 1058 3809 erat,
1098 3730 1202 3818 quiin

48 3823 170 3892 ,tutela
180 3822 289 3887 Liberi
308 3823 406 3908 patris
423 3833 479 3889 est
515 3821 650 3903 Romani
663 3823 756 3888 etiam
766 3820 861 3896 moris
878 3824 990 3894 luerat,
1013 3828 1048 3881 ut
1067 3813 1200 3883 Ovidius
1208 3829 1243 3898 40
1277 3883 1281 3889 ,

70 3910 102 3975 in
124 3908 211 3975 libro
222 3908 393 3997 Fastorum
412 3920 585 3984 memorat,
621 3909 749 3972 liberam
764 3919 875 3992 togam
894 3901 1148 3971 adolescentibus
1170 3902 1202 3966 iu

71 3994 160 4065 iestis
171 3993 371 4062 Liberalibus
387 3993 427 4059 ad
440 3993 594 4060 liberioris
609 3994 691 4061 vitae
704 3992 831 4059 ulterius
845 4011 1019 4058 concessae
1040 3986 1201 4072 significa·
1255 3996 1258 4009 '

69 4082 188 4150 tionem
204 4081 283 4149 dari.
327 4079 426 4145 Liber
447 4102 483 4146 er
509 4103 529 4145 o
551 4080 592 4144 ab
613 4102 652 4144 eo
670 4078 756 4180 quod
772 4076 904 4157 liberet,
927 4087 1128 4159 nuncupatus
1144 4085 1203 4138 cst.
1313 4161 1321 4167 N

156 4169 187 4234 2.
230 4166 357 4247 Dicitur
378 4165 470 4232 etiam
525 4186 643 4232 enaeus
666 4176 773 4230 siren
800 4165 929 4230 Graeco
951 4153 1078 4249 tasse,
1100 4154 1144 4221 'bb
1161 4167 1220 4217 ω

72 4253 184 4338 nous,
218 4254 284 4325 sire
303 4249 479 4323 secuudum
500 4252 666 4325 Donatum
688 4253 732 4322 ab
760 4274 803 4321 eo
834 4248 931 4341 quoa
957 4255 1124 4337 meatem
1142 4236 1288 4299 sele-ss
