2684 4606
448 58 637 215 upnsgfss
658 112 711 189 n.
739 111 805 193 za.
833 110 904 189 a..
1077 142 1078 149 Ν
1183 113 1238 191 ru

98 294 164 375 xit,
184 292 314 383 quidam
335 294 509 367 Saturnum
540 298 776 367 cauturrmdo
794 298 925 368 'dietum
945 298 1068 368 volunt:
1102 298 1152 367 aiii
1174 301 1236 368 Sa-

99 394 250 463 turnum,
275 383 366 470 quasi
387 386 492 449 narsis
514 396 716 467 satiaretur,
745 386 863 471 dicunt
913 386 1029 452 Senior
1040 397 1157 452 autern
1176 388 1236 452 tin-

43 500 45 513 =
99 468 210 554 gitur,
232 466 280 534 rel
300 480 433 557 propter
455 470 641 539 tarditatem
665 482 787 552 motus,
810 471 857 538 vei
880 473 954 557 quia
978 470 1105 559 longius
1120 495 1146 550 =a
1168 472 1236 539 soie

100 553 217 634 distat,
249 552 297 618 rel
325 555 401 642 quia
430 553 509 622 deus
537 555 712 645 pluviarum
742 557 847 625 dietus
869 570 934 625 est:
969 580 1042 623 nam
1064 580 1175 638 senes,
1197 570 1235 626 ut

99 638 240 727 pluvias,
260 661 387 726 semper
406 638 543 728 frigidos
569 665 641 709 esse
662 643 813 710 novimus.
855 642 987 710 Falcem
1007 650 1114 709 autem
1136 655 1274 729 taneta¹

100 722 149 789 vei
170 724 245 812 quia
266 724 346 791 deus
364 735 546 814 temporum
568 726 700 809 dicitur,
726 751 827 817 quae,
850 728 943 796 sicuti
964 726 1045 808 fabr,
1070 729 1160 796 in'se
1181 751 1233 794 re·
1280 730 1285 739 '

99 821 250 889 currunt3
274 809 325 875 rei
352 825 484 899 propter
512 813 715 901 sapientiam,
750 808 833 903 quae
854 814 937 881 intus
959 813 999 879 sit
1020 825 1123 881 acuta.
1149 813 1233 881 'Alii

98 908 209 962 autem
230 892 357 976 dicunt,
387 898 559 964 Saturnum
587 900 619 965 in
649 921 825 986 progressu
856 900 928 965 nihil
958 920 1094 980 nocere;
1129 910 1231 967 retro·
1335 970 1338 975 ,

99 980 258 1068 gradum,
280 1004 353 1048 csse
374 983 606 1071 periculosum
624 983 765 1074 ideoque
784 986 933 1055 falcatum
956 984 1053 1071 fingi,
1075 983 1149 1072 quia
1165 985 1230 1052 salx

43 1110 51 1131 .
99 1079 272 1155 praetensa
291 1068 393 1133 minus
418 1080 531 1151 nocet3
552 1082 715 1138 retroacta
732 1093 819 1150 vero,
840 1068 990 1161 quicquid
1012 1070 1155 1152 offendit,
1176 1089 1272 1140 se-ru

98 1164 162 1220 cat
211 1152 311 1228 Quod
335 1165 441 1222 autern
472 1155 552 1222 tilios
582 1156 760 1225 comedisse
788 1157 923 1239 dieitur,
956 1154 1040 1232 haee
1067 1157 1149 1223 ratio
1172 1168 1230 1224 est.

97 1239 260 1306 Saturnus
281 1236 398 1326 dicitur
418 1239 498 1307 deus
520 1240 707 1329 temporuni.
760 1243 904 1330 Tempus
925 1255 1052 1321 autem,
1079 1240 1231 1330 quicquid

96 1325 223 1475 gipnit,
251 1325 425 1408 consumit;
454 1325 647 1413 saeculaque
673 1339 767 1395 natos
794 1351 835 1395 ex
863 1351 900 1394 se
926 1348 1025 1395 annos
1047 1340 1160 1396 contra
1178 1350 1230 1394 re-

95 1421 234 1479 vornnt.
277 1411 417 1478 Saturno
440 1410 546 1479 ferunt
568 1412 666 1482 fnisse
684 1427 822 1502 quatuor
844 1413 941 1493 tilios,
970 1412 1102 1492 Jovem,
1128 1414 1230 1480 Juno-

96 1518 191 1578 nem,
212 1492 418 1586 Neptunum,
444 1497 625 1565 Plutonem.
666 1499 810 1580 Poetae,
838 1499 980 1579 habitum
1001 1496 1272 1573 eiementorumla
1330 1538 1336 1549 ·

95 1582 277 1651 numinibus
302 1581 431 1664 dantes,
462 1583 619 1663 Saturno,
651 1586 740 1674 quasi
761 1599 940 1674 temporum
959 1582 1040 1657 deo,
1071 1583 1118 1655 lu
1139 1584 1230 1667 fiiios,
1283 1610 1287 1619 ·

94 1666 131 1734 id
162 1679 213 1737 est
238 1668 410 1749 elementa,
448 1667 649 1752 adscribunt;
682 1671 754 1739 Jori
782 1694 855 1737 eum
885 1670 973 1739 socia
1000 1667 1060 1735 sibi
1090 1669 1230 1772 conjuge
1260 1750 1263 1757 Ι

93 1754 432 1845 Jnnone-dcputantes
453 1755 635 1844 superiora;
667 1755 820 1845 Neptuno
850 1770 882 1825 et
908 1754 1038 1823 Plutoni
1068 1755 1228 1825 inferrora.
1331 1832 1333 1839 Ι

94 1839 193 1905 Unde
219 1850 254 1908 et
281 1851 418 1928 quatuor
446 1841 562 1908 fratres
590 1840 684 1925 orbis,
706 1845 748 1911 im
774 1845 873 1910 erium
901 1840 1050 1908 dicuutur
1078 1842 1159 1908 inter
1191 1865 1227 1908 se

92 1924 256 1993 divisisse.=
298 1926 345 1993 Et
364 1926 511 2014 Juppiter
542 1926 674 1993 eaelum.
736 1867 906 2016 Neptunus
938 1925 1099 1994 secundae
1130 1929 1270 1994 sortisse

92 2023 249 2100 regnator
282 2011 484 2098 perhibetur,
530 2013 605 2100 quia
633 2035 716 2102 aqna
755 2015 883 2081 vicinior
911 2025 962 2081 est
990 2012 1097 2092 caelo,
1131 2036 1228 2101 quarn

91 2108 190 2179 terra.
240 2096 321 2164 'Pria
342 2109 450 2167 autem
470 2099 552 2165 haec
572 2099 719 2180 numina,
746 2100 822 2171 lieet
849 2100 948 2167 divisa
977 2098 1109 2185 imperia
1137 2112 1228 2166 tene-

90 2195 167 2265 ant,
197 2181 342 2251 ridentur
363 2197 469 2252 tamen
495 2183 628 2250 invicem
657 2186 751 2272 regni
771 2187 868 2255 totius·
888 2186 1008 2251 habere
1028 2195 1228 2270 potestatem.

90 2270 150 2336 Sic
170 2270 296 2373 etipsa
317 2268 488 2351 elementa,
527 2292 611 2359 quae
641 2272 793 2351 retinent,
826 2271 959 2360 physica
979 2272 1063 2336 inter
1084 2292 1121 2336 se
1149 2294 1227 2355 qua-

90 2355 166 2423 dam
187 2368 312 2423 ratrone
326 2355 525 2445 junguntur,
559 2352 646 2444 quod
676 2366 709 2423 et
736 2357 877 2445 ipsorum
905 2357 1069 2422 numinum
1097 2366 1269 2443 seeptraau

88 2441 283 2529 significant
335 2442 484 2531 Juppiter
505 2440 589 2509 enim
616 2441 723 2523 trifido
745 2443 843 2513 utitur
866 2441 1014 2522 fulmine,
1056 2439 1228 2531 Neptunus
1323 2508 1326 2512 .

86 2526 252 2611 tridente,
281 2526 378 2596 Pluto
404 2528 563 2596 Cerbero.

470 2701 521 2797 2..
565 2702 840 2809 «luppiter.

170 2792 316 2905 Primum
350 2825 451 2920 igitur
484 2821 628 2902 Saturnio
659 2831 846 2899 adscribunt
870 2830 1003 2911 Jorem,
1041 2837 1078 2898 nt
1106 2828 1224 2918 ignem.

84 2918 195 2995 Quem
216 2918 329 2985 Jovem
351 2940 370 2983 a
378 2920 543 3007 juvando
565 2915 731 2988 vocabant·
781 2915 877 2987 Nulla
894 2917 977 2984 enim
997 2937 1051 2984 res
1068 2916 1118 2985 sic
1139 2917 1268 2988 sovetso

84 3004 214 3087 omnia,
232 3002 502 3094 quemadmodum
521 3005 617 3074 calor.
651 3006 672 3027 ·’

426 3175 498 3252 ’5.’
532 3180 666 3257 doris
704 3176 867 3278 aquila.

171 3302 285 3392 Aquila
312 3314 420 3373 autem
447 3305 481 3372 in
509 3307 609 3375 tutela
636 3305 724 3387 Joris
736 3305 890 3456 ponitur,
920 3304 1053 3396 ejusque
1081 3305 1224 3393 armiger

85 3388 223 3470 dicitnr,
249 3391 323 3479 quia
345 3390 459 3458 nimiae
481 3395 595 3460 caloris
617 3404 683 3473 est;
715 3414 733 3458 a
759 3414 798 3456 eo
821 3401 858 3457 ut
880 3390 975 3458 etiam
996 3417 1073 3474 ova,
1107 3394 1232 3481 quibus·

84 3473 285 3565 supersidet,
307 3488 480 3566 coqueret,
502 3480 561 3546 nisi
582 3475 751 3545 admoveat
771 3487 934 3564 gagaten,
966 3477 1102 3567 lapidem
1133 3479 1264 3575 frigi-³5

85 3562 268 3641 dissimum,
296 3574 331 3629 ut
352 3575 490 3631 testatur
509 3565 680 3632 Lucanus:
709 3563 818 3631 Foeta
848 3558 1024 3649 tepefacta
1052 3562 1114 3628 sub
1134 3564 1224 3627 alate

59 3662 186 3712 'saxa
240 3645 394 3735 Fingitnr
420 3651 515 3717 etiam
541 3652 576 3717 in
602 3648 684 3715 bebo
713 3648 890 3734 Gigantum
919 3648 988 3714 Jovi
1021 3672 1109 3715 arma
1134 3648 1224 3713 mini-

83 3745 218 3801 anasse
260 3734 344 3800 Nam
369 3733 517 3825 Juppiter
537 3749 571 3805 et
586 3737 744 3803 Saturnus
764 3756 800 3799 re
825 3756 860 3800 es
883 3733 1019 3801 fuerunt.
1063 3733 1130 3800 Sed
1147 3734 1224 3798 dum

83 3818 236 3907 Juppiter
255 3821 494 3899 cumsaturnn
516 3834 609 3912 patre
637 3820 771 3888 baberet
797 3756 839 3883 de
868 3819 957 3904 agris
979 3820 1221 3896 contentionem,

83 3918 191 3972 ortum
214 3904 328 3987 beilum
353 3918 420 3990 est3
447 3908 488 3973 ad
509 3907 595 3997 qnod
617 3906 787 3994 egrediens
808 3905 973 3991 Juppiter,
1002 3906 1126 3995 aquiiae
1146 3903 1265 3971 vidituo

84 3987 270 4079 augurium.
304 3991 408 4080 Cujus
429 4015 526 4081 quum
545 3994 672 4066 vicisset
693 3989 847 4077 augurio,
869 3991 981 4055 fictum
1004 4003 1062 4070 est,
1084 3988 1171 4077 quod
1193 3989 1223 4053 ei

85 4077 244 4165 pugnanti
266 4076 330 4143 tela
352 4078 595 4148 ministrasset·
618 4076 716 4145 Unde
737 4077 832 4142 etiarn
861 4096 880 4138 a
903 4075 987 4143 t’eiici
1007 4076 1145 4162 augurio
1166 4096 1223 4139 na-

86 4174 153 4230 tum
170 4173 240 4244 est,
262 4173 300 4229 ut
316 4164 446 4251 aquiiae
466 4165 595 4237 miiitum
615 4167 709 4251 signs
729 4161 929 4229 comitentur.
