2684 4606
317 184 600 291 mynagan.
656 141 799 265 roa-
817 186 911 267 rea.
1119 173 1223 267 rsa·

330 416 336 425 -
424 374 517 451 aas.
580 344 854 454 ananius)
933 448 940 463 ,
1133 331 1137 335 ’

139 505 293 574 Anchises
314 515 425 594 pastor
446 505 522 588 luit,
558 529 632 573 cum
656 496 729 597 quo
749 519 856 575 amato
878 510 986 578 Venus
1016 462 1198 589 concubuit,
1213 502 1226 585 ⁸.

54 596 89 660 et
111 615 213 661 exeo
235 615 346 685 amore
367 591 453 658 circa
474 592 615 675 Simoin,
648 594 778 662 fluvium
810 595 948 688 Trojae,
982 601 1122 664 Aeneam
1142 624 1199 688 pe-

53 679 147 768 perit.
190 678 284 745 Deae
315 677 399 745 enim
431 677 479 745 vel
508 679 540 744 N
563 679 678 766 mphae
708 681 868 748 enituntur
896 683 982 750 circa
1012 685 1123 752 fluvios
1141 687 1198 750 'vel
1241 738 1245 745 ,

54 786 196 832 nemora.
241 762 310 831 Sed
341 786 438 852 quum
466 703 619 831 Ancliises
647 765 730 833 inter
750 766 899 854 aequales
927 767 1125 857 epularetur,
1155 773 1222 838 dea

55 851 231 918 concubitu
252 852 385 919 Veneris
402 850 518 939 jactari
548 849 693 918 traditur.
744 851 841 927 Quod
862 876 960 1003 «puum
989 855 1063 921 Jovi
1090 859 1200 925 Venus
1226 880 1228 888 ’

56 950 170 1024 questa
203 948 307 1019 esset,
342 937 494 1017 emeruit,
530 948 568 1004 ut
587 938 619 1002 in
641 937 808 1005 Anchisem
838 938 965 1007 sumina
991 943 1200 1010 mitterentur.

58 1022 128 1089 Sed
149 1024 259 1088 Venus
282 1042 381 1110 quum
403 1021 550 1098 vidisset,
567 1045 645 1089 eum
663 1022 792 1106 fulmine
812 1046 909 1113 posse
927 1027 1081 1109 interimi,
1103 1030 1201 1095 mise-

57 1121 128 1176 rata
156 1108 327 1199 juvenem,
367 1106 400 1173 in
430 1107 521 1174 aliam
551 1120 675 1198 partem
707 1109 825 1177 fulmen
854 1110 995 1181 detorsit
1047 1115 1199 1183 Anchises

58 1207 181 1275 tamen,
203 1194 331 1262 alllatus
353 1192 431 1281 igne
453 1193 601 1277 caelesti,
623 1217 751 1284 semper
771 1195 882 1265 debilis
903 1198 970 1265 fuit.
1113 1268 1119 1285 ,
1207 1215 1243 1266 lu

416 1364 510 1441 196.
565 1367 837 1444 Cassandra.

142 1490 329 1562 Cassandra
363 1506 434 1562 erat
468 1495 606 1579 Priami,
650 1497 782 1586 Trojani
802 1576 805 1581 1
825 1497 929 1586 regis,
973 1495 1052 1576 filia,
1089 1520 1110 1565 a
1140 1521 1205 1586 qua
1266 1524 1271 1561 .·
1308 1494 1311 1503 '

57 1577 165 1668 Apollo
189 1603 249 1668 spe
270 1583 403 1661 amoris,
436 1598 591 1649 concessa
610 1579 651 1648 illi
672 1583 879 1663 divinatione,
915 1581 1101 1665 frustratus,
1129 1607 1206 1651 vera
1319 1664 1322 1671 ¹

34 1667 199 1752 ’quamvis
222 1665 458 1741 dioenti‘fidem
481 1667 615 1735 sustulit
669 1668 765 1735 Unde
791 1668 886 1737 etiam
915 1667 1064 1754 Trojani,
1106 1692 1204 1758 quum

51 1750 119 1839 jam
141 1752 281 1820 adventu
302 1749 448 1820 Helenae
468 1754 603 1843 'Projam
635 1752 863 1824 destruendam
891 1755 1111 1844 praediceret,
1146 1756 1203 1823 mi-
1211 1770 1247 1822 15

59 1838 142 1907 nime
162 1840 194 1905 ei
214 1836 362 1927 Apollinis
379 1837 472 1928 jussu
489 1839 674 1911 credebant.

431 1993 525 2072 197.
588 1944 874 2073 Hecaben

143 2123 301 2204 Hecuba,
331 2122 543 2205 Cisseifilia,
574 2124 694 2193 Priami
721 2125 809 2215 regis
826 2145 925 2205 uxor,
954 2147 1052 2215 quum
1078 2125 1205 2194 Paridis
1268 2176 1272 2185 -

63 2208 199 2296 gravida
231 2220 333 2290 esset,
371 2208 494 2288 lacem,
531 2233 596 2299 qua
634 2213 710 2278 urbs
734 2209 978 2293 incenderetur,
1014 2235 1065 2279 sev
1090 2224 1207 2302 parere

61 2296 147 2362 vidit:
192 2294 290 2381 Quod
312 2316 409 2383 quum
433 2296 560 2362 Priamo
580 2309 745 2378 narraret,
766 2296 933 2377 intellexit,
963 2320 1116 2387 puerum,
1150 2299 1248 2385 quiae

61 2394 267 2461 nasceretur,
291 2403 423 2448 causam
444 2381 588 2449 futurum
606 2380 828 2450 incendendae
850 2384 946 2449 urbis.
989 2385 1093 2458 Quem
1116 2385 1208 2470 geni·

63 2480 131 2536 tum
171 2479 264 2555 pater
302 2489 401 2555 quum
438 2467 569 2535 interire
603 2469 770 2560 jussisset,
808 2480 911 2534 mater
947 2471 1078 2554 pastori
1099 2470 1209 2536 furtim

61 2553 238 2620 transmisit
258 2549 416 2618 alendum.
440 2557 485 2621 ,Α
516 2577 580 2641 quo
611 2557 765 2635 nutritus,
798 2552 882 2620 adeo
907 2552 997 2620 fortis
1019 2568 1069 2623 est
1092 2555 1208 2635 laetus,

62 2651 99 2706 ut
119 2640 152 2705 in
175 2637 297 2728 'Projae
327 2637 455 2724 agonali
487 2643 660 2708 certamine
687 2653 855 2730 superaret
883 2661 1012 2720 ornnes,
1043 2652 1077 2708 et
1104 2641 1114 2705 i
1138 2663 1208 2707 sum

61 2725 251 2792 Hectorem.
303 2725 369 2799 Qui
389 2748 486 2814 quum
507 2727 606 2794 iratus
626 2729 659 2793 in
680 2725 833 2794 Paridem
860 2725 1034 2812 stringeret
1054 2665 1250 2815 gladium,25
1275 2752 1281 2762 ‘

62 2809 142 2878 dixit
161 2809 230 2888 ille,
258 2832 294 2876 se
308 2810 384 2900 ,ejus
406 2834 478 2877 esse
498 2835 698 2900 germanum.
749 2809 847 2887 Quod
867 2833 966 2897 quum
987 2814 1102 2879 mirum
1122 2811 1209 2879 ride-

62 2908 172 2978 retur,
195 2895 295 2964 allatis
321 2897 521 2984 crepundiis,
542 2899 609 2988 ejus
635 2901 735 2968 frater
756 2911 806 2966 est
821 2901 994 2988 probatus,
1024 2911 1057 2967 et
1078 2923 1098 2967 a
1117 2910 1210 2989 patre

63 2981 98 3048 in
117 2983 253 3051 fratrum
274 2983 434 3051 consortia
454 2997 614 3073 receptus.

410 3152 503 3229 198.
565 3153 868 3257 Ganymedes.
891 3188 896 3198 ·
1017 3189 1021 3196 ·

149 3282 375 3375 Ganymedes,
420 3282 523 3350 'Proili
556 3305 593 3351 re
618 3285 645 3352 is
675 3284 892 3374 Trojanorum
934 3293 969 3351 et
1010 3278 1282 3350 Callirrhoaeeo'

66 3368 171 3452 filius,
205 3387 339 3461 propter
361 3371 505 3458 corporis
527 3307 812 3459 pulcirritudinem,
847 3392 888 3436 ne
910 3369 1071 3435 infamiam
1093 3389 1214 3434 eonnu-
1237 3398 1240 3403 ·
1262 3458 1265 3465 .

65 3457 112 3524 bii
131 3457 296 3524 masculini
317 3458 455 3536 subiret,
489 3456 566 3523 dnm
586 3458 617 3522 in
639 3455 699 3524 Ida
720 3450 796 3525 silva
817 3468 1003 3534 venaretur,
1036 3455 1077 3519 ab
1109 3449 1215 3540 aquila

66 3541 100 3609 in
122 3543 248 3610 caelum
271 3555 404 3648 raptus²
438 3555 488 3611 est
509 3542 698 3611 constitutus
721 3544 877 3646 pincerna
904 3541 1055 3618 deorum,
1091 3548 1216 3606 remota

64 3627 186 3709 Hebe,
206 3630 341 3696 Junonis
362 3628 434 3696 fila.
479 3627 575 3695 Unde
597 3640 629 3697 et
649 3629 799 3718 'Propanis
819 3629 905 3696 June
925 3626 1080 3693 irascitur.
1128 3625 1216 3690 Po'e'-

68 3724 125 3780 tae
157 3724 266 3781 amant
295 3715 514 3802 garrulitatem
548 3738 639 3782 snam
667 3713 748 3781 falsa
779 3712 922 3780 illusione
949 3732 1076 3778 ornare.
1128 3709 1256 3777 Names

66 3812 106 3867 ut
135 3802 323 3881 Anacreon,
356 3801 591 3889 antiquissimus
620 3811 750 3881 auctor,
785 3800 923 3877 scribit,
951 3797 1098 3886 Juppiter
1135 3793 1212 3861 dum

69 3883 227 3952 adversus
261 3885 413 3967 Titanas,
450 3885 483 3953 id
515 3898 564 3954 est
597 3886 705 3954 'Pitani
739 3883 836 3965 filios,
878 3884 993 3951 bellum
1029 3891 1217 3960 assumeret,

69 3983 106 4038 et
125 3970 319 4039 sacrificium
340 3973 440 4040 Caelo
463 3973 611 4052 lecisset,
640 3973 673 4037 in
703 3971 854 4038 victoriae
886 3968 1062 4058 auspicium
1092 3969 1218 4055 aquilae

70 4056 132 4122 sibi
165 4057 282 4125 adesse
314 4080 502 4146 prosperum
531 4058 607 4125 vidit
638 4057 784 4125 volatum.
834 4056 888 4122 Ob
921 4053 1009 4145 quod
1046 4067 1119 4154 tam·
1145 4053 1217 4154 felir

70 4165 187 4222 omen,
224 4146 412 4232 praesertim
443 4144 516 4230 qnia
544 4157 577 4211 et
596 4143 727 4211 victoria
748 4153 861 4209 secuta
882 4153 948 4220 est,
984 4139 1137 4224 insigms
1159 4141 1261 4201 sibino

71 4229 210 4317 aquilam
235 4229 329 4309 lecit,
359 4229 541 4317 tutelaeque
560 4229 727 4297 dedicarit
769 4225 865 4294 Unde
890 4240 922 4295 et
943 4226 1081 4293 Romani
1111 4224 1217 4312 hujus-
