2684 4606
471 210 578 269 oran
603 210 830 273 nascar-erro.
915 249 921 260 .
1190 180 1242 269 n'

76 378 173 444 viros
194 377 326 443 hahent.
340 379 483 469 optimos
505 381 542 445 in
563 382 723 471 negotio,¹
744 390 778 444 et
798 379 893 445 valde
908 370 1091 470 praecipue
1111 404 1231 449 venan-

76 476 153 547 tes,
184 475 220 530 et
251 465 392 549 divites,
433 476 467 530 et
501 468 668 532 omnibus-
690 466 787 531 honis
801 462 964 530 'ornatos
1020 467 1232 556 decipientes

77 551 172 615 enim
190 550 361 635 a·Pcrsis,
383 552 450 640 ipsi
471 551 507 616 in
530 576 664 635 omnem
680 562 799 616 terram
821 551 1044 621 Romanorum
1064 555 1231 641 rendunt,

79 646 116 700 et
139 646 388 726 ementesquae
409 639 595 702 necessaria
618 638 859 729 sunt,·itermn
879 639 1035 721 tradunt,
1066 650 1158 707 extra
1179 666 1233 705 ae-

81 745 199 787 ramen
223 734 257 787 et
277 724 424 788 terrum
450 723 510 789 lias
529 724 618 789 enim
642 722 770 813 species
790 724 894 806 duas,
926 725 989 789 hoe
1011 734 1062 789 est
1081 750 1234 793 aeramen
1314 724 1341 733 ”

81 817 118 872 et
139 808 288 894 ferrum,
309 809 481 891 nou-,lieet
500 809 654 875 hostibus
677 811 766 874 darc.
810 812 896 897 Istae
917 819 1026 875 autem
1048 812 1233 897 praedictae

84 893 238 959 civitates
268 895 500 985 guhernaculo
533 894 600 959 Dei
636 906 721 961 stare
752 893 926 977 videntum,
964 906 997 961 ct
1020 888 1234 985 imperatolis

83 979 291 1069 prudentiae
313 981 473 1065 hahentes
495 992 604 1046 autem
625 1005 737 1046 muros
759 979 921 1069 inclytos,
944 979 1234 1051 virtutemPcrsa·

81 1090 158 1130 rum
179 1089 312 1155 semper
330 1067 367 1133 iu
390 1066 480 1143 bello
503 1067 708 1151 dissolvunt,
731 1067 896 1132 ferventes
917 1065 1039 1150 rebus,
1063 1079 1096 1133 ct
1116 1071 1233 1135 transi·

84 1163 204 1241 gentes
227 1176 303 1235 enm
319 1154 417 1237 ,omni
438 1152 622 1242 provincia.
668 1151 799 1221 Deinde
822 1151 993 1218 Osdrodna
1015 1163 1049 1217 et
1069 1152 1194 1222 Edessa
1206 1158 1235 1248 1)
1329 1230 1332 1241 Ι

83 1248 119 1302 et
139 1239 233 1328 ipsae
254 1226 402 1305 civitates
423 1239 629 1341 splendidae.

172 1326 228 1388 17.
272 1324 404 1391 Deinde
433 1350 499 1389 ram
528 1322 644 1412 Syriae
676 1347 767 1411 regio
798 1324 927 1408 orionis,
954 1318 1046 1414 quae
1064 1294 1236 1392 'dividitur

85 1408 262 1499 inSprias
283 1422 373 1494 tres,
408 1410 621 1494 Phoenicen,
656 1408 896 1494 Palaestinam,
928 1422 961 1475 et
991 1410 1137 1497 Coelen,
1178 1414 1234 1477 ha-

83 1496 203 1560 hentes
226 1497 373 1571 civitates
389 1498 495 1563 varias
517 1498 718 1575 excellentes
738 1506 771 1560 et
789 1519 947 1585 magnas3
971 1522 1110 1562 auarum
1127 1498 1235 1588 prima

74 1582 266 1647 Antiochia
289 1582 403 1649 civitas
426 1583 546 1673 regalis
572 1582 609 1647 in
630 1581 806 1665 omnihuS,
828 1582 889 1647 uhi
913 1592 946 1646 ct
967 1522 1120 1648 doininus
1142 1585 1233 1650 orbis

85 1678 248 1733 terrarum
281 1671 374 1734 sedet
392 1667 444 1759 2),
485 1668 599 1735 civitas
631 1668 804 1757 splendida
837 1678 870 1732 et
904 1668 1060 1757 operibus
1087 1668 1234 1757 puhlicis

87 1754 260 1839 eminens,
290 1766 323 1820 et
350 1755 562 1839 multitudiue
594 1754 794 1845 populorum
816 1763 949 1838 ornata,
982 1756 1129 1845 undique
1151 1758 1235 1823 acei-

87 1839 211 1930 piens,
241 1865 355 1907 omnes
381 1842 543 1924 sustinet,
577 1840 772 1906 habundans
794 1838 947 1905 omnihus
969 1842 1079 1908 honis.
1103 1841 1235 1931 ’Tyrus

89 1951 224 2018 quoque
246 1927 360 1995 civitas
382 1929 418 1994 in
439 1928 593 1993 omnibus
618 1927 717 2010 felix,
741 1927 879 2017 spissior
899 1929 1046 2017 populis,
1069 1928 1157 2015 viros
1179 1932 1235 1995 ha·

85 2012 144 2088 het
166 2038 209 2081 ex
230 2014 363 2116 negotio
386 2014 504 2081 divites
527 2023 560 2079 et
609 2022 735 2078 olentes
757 2018 793 2080 in
816 2014 994 2079 omnihusa'
1017 2015 1099 2079 Post
1128 2016 1139 2079 i
1165 2040 1235 2081 sam
1322 2034 1325 2039 '

87 2096 232 2191 Berytus
264 2101 378 2166 civitas
408 2100 503 2168 valde
519 2038 692 2165 'deliciosa
714 2109 747 2163 et
774 2100 935 2165 auditoria
963 2100 1075 2191 legum
1095 2040 1235 2186 hahens,

89 2209 152 2274 per
173 2210 273 2275 qnam
296 2186 406 2251 omnia
428 2186 653 2251 Romanorum
667 2185 795 2271 judicia
816 2195 900 2250 stare
918 2185 1082 2251 videntur.
1139 2186 1237 2253 Simi-

89 2273 168 2338 liter
189 2282 223 2336 et
244 2272 402 2338 Caesarea
424 2272 538 2338 civitas
568 2271 842 2355 deliciosissima,
878 2272 972 2336 cuius
994 2274 1190 2362 tetrapylum
1207 2272 1237 2365 5)

69 2358 280 2423 nominatur
301 2358 440 2450 uhique,
463 2358 554 2448 quod
576 2380 680 2421 unum
703 2367 736 2421 et
756 2381 879 2423 novum
902 2360 1124 2448 spectaculum
1143 2384 1237 2449 prae-

88 2444 159 2510 het.
205 2443 374 2523 'Laodicea
403 2468 481 2510 vcro
504 2443 617 2508 civitas
652 2443 795 2531 optima,
830 2467 914 2534 quae
944 2444 1096 2521 similiter
1128 2446 1238 2511 omnia
1283 2458 1287 2471 '

88 2529 222 2620 negotia
243 2531 406 2622 suscipit,
432 2539 464 2594 et
484 2529 680 2595 Antiochiae
704 2529 814 2594 mittit.
865 2529 995 2594 Deinde
1019 2530 1170 2596 Seleucia
1191 2532 1237 2598 ci-

88 2617 172 2682 vitas
215 2640 352 2706 magna,
393 2640 477 2707 quae
510 2617 619 2680 onmia
654 2615 741 2680 bona
774 2615 932 2703 suscipit,
967 2627 1000 2680 et
1016 2616 1105 2704 'ipsa
1147 2618 1236 2682 simi-

89 2704 168 2767 liter
206 2704 392 2791 praedictae
424 2701 622 2767 Antiochiae
657 2701 769 2766 niittit.
834 2702 941 2783 Quam
977 2703 1019 2776 oh
1053 2727 1123 2768 rem
1150 2703 1238 2771 Con-

91 2788 232 2854 stantius
254 2787 284 2880 a)
315 2790 494 2878 iinpcrator
515 2789 693 2854 maximnm
726 2798 870 2853 montem
897 2789 1040 2872 secavit,
1067 2799 1100 2853 ct
1136 2789 1238 2858 iutro-

90 2875 217 2941 duccns
239 2900 328 2941 mare
349 2874 430 2940 fecit
450 2885 583 2964 portum
603 2874 729 2938 honum
749 2883 783 2939 et
812 2898 987 2963 magnum,
1022 2875 1081 2939 uhi
1102 2877 1242 2943 venien·-

89 2971 142 3027 tes
162 2972 264 3028 naves
286 2961 453 3027 salvantur
475 2958 517 3050 4).
575 2959 735 3027 Similiter
757 2959 840 3025 aliae
861 2960 1007 3026 civitates
1035 2961 1181 3029 Ascalon
1206 2975 1240 3031 et

91 3047 183 3113 Gaza
202 3048 239 3114 in
264 3047 406 3135 negotiis
436 3049 618 3111 eminentes
640 3054 673 3111 et
695 3046 921 3112 habundantes
944 3047 1096 3113 omnihus
1124 3049 1238 3132 honis,

90 3134 229 3200 mittunt
260 3135 351 3199 omni
379 3132 508 3223 regioni
542 3131 658 3222 Syriae
695 3143 728 3197 et
753 3133 907 3223 Aegypto
927 3133 1041 3199 viuum
1062 3135 1236 3224 optimum.

470 3284 664 3297 ψ

164 3348 197 3414 1)
218 3347 297 3412 Atqui
319 3344 423 3397 Edessa
441 3362 521 3414 supra
544 3348 676 3415 appellata
696 3353 745 3410 cst,
761 3346 897 3401 Osdroina
918 3352 1004 3399 autern
1022 3347 1167 3415 provincia,
1186 3363 1238 3400 non

93 3419 165 3473 urbs.
201 3419 306 3471 Textus
331 3419 417 3471 editus
443 3433 483 3483 gr.
505 3423 534 3471 et
553 3421 598 3472 lat.
617 3418 770 3469 Osdroenae
789 3419 892 3469 Edessa
909 3428 938 3469 et
955 3419 1015 3488 ipsa
1033 3418 1131 3470 civitas
1148 3420 1238 3488 splen-

91 3491 168 3543 dida.
204 3490 333 3543 Neutrum
351 3491 415 3542 satis
432 3492 532 3558 placet,
558 3492 619 3557 quia
636 3490 701 3543 duas
718 3490 833 3543 Edessae
851 3506 902 3543 non
925 3490 1050 3543 novinms.

164 3562 197 3628 2)
218 3563 397 3617 Constantium
422 3560 575 3613 Antiochiae
598 3564 642 3615 diu
660 3563 793 3615 sedentem
816 3562 874 3615 heic
899 3562 1095 3627 intelligendum
1120 3561 1174 3615 late
1190 3560 1238 3615 de-

92 3635 249 3689 monstrarit
266 3633 444 3686 Gothotrcdus
462 3649 496 3684 ex
518 3634 620 3699 iegibus
640 3634 752 3685 indidem
771 3635 853 3697 datis,
879 3640 906 3685 et
929 3650 963 3685 ex
983 3633 1075 3684 iuliani
1094 3633 1170 3701 imp„
1189 3635 1237 3686 Li-

91 3707 173 3771 banii,
191 3704 334 3769 Athanasii,
351 3704 499 3771 Augustini,
515 3706 633 3758 Socratis
649 3707 808 3771 aliorumque
826 3706 987 3758 testimoniis.
1024 3705 1158 3756 Valentem
1171 3723 1239 3773 quo·

92 3794 146 3846 que
159 3784 289 3830 moratum
308 3776 467 3844 aliquamdiu
488 3777 641 3831 Antiochiae
657 3778 767 3841 scimus3
785 3776 833 3829 sed
860 3785 946 3829 tamen
966 3784 1052 3829 cetera
1074 3779 1157 3831 nostri
1173 3795 1238 3847 ope-

91 3852 129 3905 ris
148 3850 243 3903 indicia
262 3850 442 3901 Constantium
460 3848 605 3913 designaut.

165 3924 195 3988 3)
213 3920 333 3974 Aedifieii
361 3936 445 3987 genus
467 3922 635 3988 appellationi
665 3936 728 3973 suae
755 3918 925 3983 conveniens,
958 3919 1035 3986 quale
1062 3917 1140 3972 etiarn
1165 3921 1239 3975 Con-

92 3994 261 4061 stantinopoli
284 3993 363 4045 luisse
386 3993 505 4057 legimus.

114 4128 118 4133 Ι
165 4067 197 4133 a)
215 4065 282 4117 Cod.
309 4066 443 4127 carensis,
472 4064 585 4130 itemque
605 4064 745 4117 inretianus
768 4079 808 4129 gr.
831 4063 874 4115 lat.
902 4061 1105 4113 Constantinus.

165 4139 197 4203 4)
217 4139 257 4190 De
276 4136 325 4188 hoc
344 4136 490 4189 Constantii
514 4151 595 4203 opere
618 4137 794 4203 Hieronymus
811 4136 838 4187 io
863 4132 991 4191 chronico,
1005 4134 1061 4193 (ed.
1080 4133 1237 4199 Rooealiae.)

93 4208 127 4260 ad
145 4225 188 4261 an.
208 4208 377 4273 carnosas,
395 4208 544 4259 Constantii
563 4207 708 4273 undecimo,
726 4209 778 4259 aits
796 4205 903 4281 irriguis
923 4206 990 4275 reip.
1005 4204 1136 4271 irrepentis
1152 4202 1186 4248 ixi
1202 4208 1254 4247 ss-

95 4280 185 4333 leucia
203 4279 300 4350 Syriae
311 4290 411 4349 [rarius
427 4277 552 4349 effictus.
590 4284 651 4337 Alia
669 4285 710 4339 tei
726 4283 885 4338 testimonia
900 4280 1024 4335 cumulat
1037 4268 1244 4327 tiohxotrehss.
