2684 4606
91 175 148 243 ax
245 158 301 232 ¹··
502 156 822 243 ‘ruodruruu.
914 218 917 223 ·

1 353 2 358 ’
101 338 233 453 gremio
272 348 502 425 bibliothecae
529 349 1046 450 ¹Europaelocupletissimae.
1113 353 1228 433 Eider

101 459 178 528 viro
212 455 414 528 doctissimo
443 455 559 549 ¹primu
589 455 691 525 etiarn
725 457 845 541 notitia
879 455 974 527 illius
1004 456 1229 535 debetur-ro

62 554 73 659 ἰ
102 557 203 650 diois,
229 559 291 654 qui
316 568 370 633 est,
388 555 476 626 Nro.
502 551 637 648 8508,
670 557 906 629 minutissimis
931 556 1055 631 litteris
1080 572 1229 635 exaratur

100 660 286 756 multisque
311 658 503 755 scripturae
525 658 737 755 compendiis
761 660 922 757 insignis.

73 925 83 939 ἱ
201 843 274 915 llis
301 844 407 940 igitur
430 843 540 940 copiis
555 842 763 932 ¹litterariis,
800 852 1045 939 quaspraetcr
1069 868 1229 925 summan

90 945 185 1038 inihi
212 947 401 1043 contigisse
425 971 523 1042 spem
548 945 669 1037 intimo
694 945 774 1013 sinu
798 943 956 1042 gaudeo,
993 942 1228 1042 benignissimi

90 1051 301 1138 instructus,
327 1046 448 1118 codiee
467 1045 701 1144 Gottingcnsi,
726 1056 851 1142 utpote
876 1048 1021 1142 optimo,
1047 1047 1085 1116 in
1104 1051 1228 1137 consti

69 1239 73 1247 ι
99 1149 227 1219 tuenda
263 1146 508 1248 mythographi
532 1148 592 1219 lll
622 1148 777 1218 oratione
802 1172 869 1244 pro
898 1136 1125 1221 {indumento
1157 1146 1228 1223 usu¹

99 1277 177 1322 sum
200 1277 311 1347 usque
336 1249 380 1321 ad
403 1259 511 1349 eaput
535 1250 594 1344 X3
630 1251 668 1320 in
699 1248 842 1344 reliquis
866 1258 1007 1320 secutus
1025 1248 1228 1349 'plerumque

99 1380 178 1422 sum
211 1350 367 1424 codicem
383 1346 656 1425 ·Vaticanuma
691 1349 790 1448 Mujo
824 1375 1042 1446 expressum.
1102 1351 1227 1425 Deiud

100 1453 255 1525 codicem
276 1452 478 1525 Gothanum
504 1464 539 1525 ct
560 1448 812 1541 Pa'risiensem,
849 1477 937 1548 quos
974 1477 1019 1524 ex
1048 1478 1119 1524 mro
1143 1454 1227 1529 fond

97 1555 304 1653 profluxisse
330 1557 560 1627 certissimum
585 1564 658 1645 est,
694 1555 730 1624 in
757 1551 951 1625 subsidium
978 1563 1114 1626 tautum
1139 1555 1225 1628 adbi

55 1652 179 1750 ''bui3
218 1656 281 1728 sed
306 1659 486 1753 utriusque
508 1655 589 1727 libri
614 1656 812 1732 varietatem
845 1655 1014 1754 integram
1045 1658 1138 1729 notis
1172 1658 1224 1731 cri

38 1844 41 1849 ,
98 1761 177 1831 licis
203 1759 347 1829 inserui.
400 1755 463 1829 Ad
492 1754 636 1829 eandem
662 1781 745 1828 sano
770 1781 848 1828 cum
875 1756 966 1830 libro
989 1757 1166 1839 Vaticano
1190 1759 1225 1831 fu

98 1859 228 1931 milium
262 1859 433 1965 pertinere
473 1858 609 1929 videtur
640 1857 750 1930 codex
786 1855 1049 1957 Gottiugensis3
1088 1859 1151 1933 scd
1187 1888 1224 1935 sc

99 1961 212 2034 cunda
238 1986 363 2032 manus
380 1958 528 2033 eundem
550 1984 596 2031 ex
620 1958 711 2032 libro
736 1959 846 2033 multo
863 1961 1056 2057 antiquiore
1070 1972 1223 2041 etcmcn

99 2065 194 2135 davit
218 2072 254 2136 et
278 2061 453 2161 supplevit
473 2062 668 2145 innumeris,
697 2059 769 2134 fere
793 2060 903 2156 locis„
939 2073 979 2136 ut
1008 2065 1154 2162 quaeris
1180 2090 1223 2165 pr

97 2168 179 2264 gina
205 2161 342 2264 probat,

199 2376 257 2449 De
281 2375 449 2468 Leontio,
490 2403 593 2475 quem
619 2377 851 2451 Brassicauus
874 2379 912 2449 in
938 2406 1002 2453 suo
1029 2376 1149 2452 codice
1175 2381 1220 2455 bu

97 2474 153 2575 jus
174 2480 264 2551 tertii
289 2481 405 2577 operis
431 2491 606 2552 auctorem
632 2480 765 2576 legisse·
790 2479 945 2565 ridetur,
982 2483 1068 2578 qnid
1095 2510 1219 2557 censen

98 2580 181 2650 dum
206 2583 270 2673 sit,
312 2580 452 2654 difficile
486 2593 539 2654 est
574 2581 778 2681 dijudicata.
806 2578 881 2678 (De
919 2582 1063 2657 Valerio
1103 2574 1219 2659 Sorani

98 2680 228 2753 dictum
255 2694 310 2755 est
347 2686 384 2754 in
417 2685 508 2756 notis
540 2682 585 2754 ad
620 2683 862 2778 prooemium).
924 2682 1044 2780 Majus
1080 2685 1218 2783 intellig

96 2783 263 2855 Pontium
304 2783 492 2857 Leontium
530 2782 827 2881 Burdogalens'em
863 2808 883 2853 a
914 2783 1062 2857 Sidonio
1095 2781 1218 2884 Apolli

97 2887 174 2957 nari
196 2896 231 2958 et
252 2886 444 2971 Fortunato
470 2898 716 2980 memoratum3
744 2910 856 2982 quam
888 2885 1123 2984 conjecturam
1157 2901 1217 2963 teu

97 3010 231 3083 porum
245 2990 394 3060 rationes
419 3015 490 3063 non
515 2988 723 3077 admittunt,
741 3044 747 3055 .
766 3012 875 3084 quum
904 2987 1183 3088 nrylhograplrus
1207 3020 1216 3063 t

38 3136 42 3142 -
99 3089 157 3160 St.
185 3090 461 3186 Hieronymum,
491 3093 552 3188 qui
577 3091 668 3161 vitas
692 3089 840 3183 Putrem
863 3093 1028 3189 scripsit,
1055 3102 1092 3163 et
1116 3090 1216 3165 Iloua

97 3193 216 3287 pirum,
256 3191 422 3266 Martiam
444 3191 610 3290 Capellae
645 3201 950 3266 commentatorem
984 3192 1215 3288 doctissimuu

96 3292 235 3379 landet.¹
280 3294 466 3366 Praeterea
496 3318 585 3391 quos
620 3294 808 3389 scriptores
833 3291 905 3368 duo
937 3297 1069 3393 priores
1103 3295 1215 3393 mytbt

97 3394 221 3491 graphi
247 3397 387 3467 omnino
408 3422 477 3467 non
501 3405 712 3485 memorant,
743 3406 781 3484 ut
805 3394 988 3487 Servium,
1016 3394 1213 3494 Fulgentiut

95 3506 131 3567 ct
153 3496 373 3569 Luctantium
398 3498 608 3588 Placidum,
635 3520 694 3569 eos
714 3495 990 3595 mythoprapbus
1016 3496 1145 3579 tertius¹
1165 3498 1213 3596 plr

97 3597 196 3669 ribus
222 3598 362 3696 quidem
384 3598 472 3671 locis
497 3600 617 3689 ali‘crt,
658 3599 797 3694 saepius
824 3611 940 3672 autem
971 3610 1007 3672 et
1042 3600 1119 3694 ipse
1149 3600 1212 3675 sile

97 3698 158 3769 ubi
182 3710 297 3772 tumen
323 3699 541 3775 manifestum
564 3711 619 3773 cst
643 3700 785 3773 eosdem
807 3702 840 3773 ci
864 3701 975 3775 fuisse
998 3711 1078 3772 ente
1103 3702 1211 3777 oculo

98 3798 244 3875 Graecis
272 3802 501 3900 scriptoribus
533 3803 677 3895 omnino
707 3803 824 3873 ‘rarius
859 3827 947 3874 usus
979 3814 1052 3892 est3
1094 3814 1129 3873 et
1155 3830 1210 3903 (ψ

97 3904 276 3974 nominum
304 3916 419 4003 etymo
442 3902 578 3977 Graeca
604 3902 752 3975 subinde
777 3904 898 3995 all'ert,
924 3929 964 3976 ea
986 3902 1068 3975 talia
1089 3903 1210 4000 plernri

97 4031 165 4100 quc
188 4017 291 4098 sunt,
337 4006 451 4102 qualia
485 3998 710 4101 Fulgentium
736 4003 796 4078 bic
828 4004 901 4077 illic
941 4005 1070 4095 frustra
1095 4016 1209 4081 tentas

97 4116 245 4178 constat.
300 4105 519 4189 Conscusum
545 4106 696 4201 denique
721 4131 802 4179 cmn
835 4105 1041 4198 lllaorobio,
1069 4106 1209 4181 Martini

98 4207 204 4307 (quos
218 4207 367 4309 laudat),
395 4210 543 4308 aliisque
568 4208 707 4307 serioris
731 4208 1069 4308 conscriptoribus,
1096 4234 1208 4307 quoru
