2692 4606
384 1211 627 1290 NOTAE
690 1208 1049 1287 nutricat:

337 1375 387 1444 ru
434 1372 829 1447 nuunoonmnuu
880 1339 1104 1444 uanuruu.
1169 1352 1172 1357 ’
1274 1436 1277 1441 ,

223 1613 265 1663 De
284 1609 335 1663 diis
357 1609 478 1682 gentium
502 1611 565 1676 etc.)
608 1610 683 1665 Haec
709 1611 843 1680 inscriptio
869 1628 978 1680 quanam
1007 1614 1168 1671 auctoritate
1190 1614 1293 1679 nitatur.

152 1685 280 1737 incertum
297 1684 417 1750 relinquit
445 1681 511 1747 Maji
535 1683 673 1740 silentiunm
708 1683 783 1740 Fulv.
806 1685 914 1736 Ursinus
938 1701 986 1737 suo
1011 1687 1096 1738 codici
1126 1687 1292 1754 inscripserat

152 1759 278 1807 Incertus
295 1754 326 1804 de
344 1755 396 1805 diis
411 1755 547 1824 gentium.¹
576 1753 643 1807 ltem
667 1757 825 1807 recentiores
851 1773 942 1810 manus
966 1756 1023 1810 cod.
1052 1757 1200 1810 Parisiensi
1218 1774 1292 1826 praa-

152 1822 266 1880 fixerrltrt
284 1827 411 1895 triplicem
428 1827 530 1877 titulum
549 1823 687 1894 Anonymi
703 1826 933 1896 Mythologicon‚.
950 1834 977 1880 et
1002 1831 1045 1879 De
1061 1828 1145 1880 idalts
1164 1840 1201 1885 et¹
1212 1830 1291 1880 astris

95 1936 99 1947 .
153 1898 306 1968 incognitus
322 1897 447 1951 Aether,
477 1903 505 1948 et
524 1894 802 1962 murmurantes,
826 1898 928 1967 dequo
946 1900 998 1952 vid.
1017 1899 1076 1956 infr.
1095 1917 1122 1951 v.
1143 1903 1190 1952 29.
1229 1899 1289 1952 ead.

152 1970 180 2045 li
199 1978 226 2024 et
242 1970 266 2022 L
284 1970 366 2022 titulis
383 1968 486 2020 omniuo
508 1973 609 2024 carent.

172 2125 175 2135 ι
222 2078 402 2159 Prooemium)
419 2091 507 2159 MaJna
523 2089 723 2158 Fratuertium,
745 2108 812 2160 quae
838 2094 890 2146 vox*
913 2080 1019 2147 abacta
1036 2097 1110 2148 meis.
1128 2125 1175 2140 -
1192 2097 1212 2149 4
1229 2094 1289 2146 Fuit

152 2164 197 2217 air
212 2165 241 2216 in
257 2164 328 2235 Aeg.
347 2163 373 2213 d.
390 2164 415 2216 L
432 2163 467 2216 N.
485 2193 531 2205 -
564 2165 730 2230 Fulgentius,
750 2166 793 2230 qni
812 2166 902 2218 eadem
920 2166 999 2218 tradit
1017 2166 1057 2233 (l,
1081 2166 1123 2234 1.)
1161 2165 1289 2235 Diophan-

153 2242 210 2289 tum
225 2235 460 2288 Lacedaemonium
478 2233 554 2303 huJ'us
572 2237 727 2288 narrationis
743 2244 874 2290 auctorem
892 2236 996 2302 laudat,
1021 2254 1098 2303 quern
1119 2236 1199 2306 (exp.
1217 2253 1289 2290 serm.

153 2315 207 2360 ant.
225 2299 252 2376 p'.
267 2306 335 2374 770)
354 2306 386 2356 de
403 2307 489 2358 sacris
506 2307 613 2357 deorum
635 2308 887 2376 scripsisse'resert3
911 2310 945 2362 ci.
969 2310 1046 2362 Voss.
1069 2309 1103 2361 de
1130 2307 1193 2363 ltlst.
1211 2311 1289 2364 oca
1315 2326 1318 2333 ·

154 2397 181 2448 p.
196 2383 259 2431 359.
274 2402 319 2415 ·-
336 2383 353 2437 5
372 2378 427 2428 Hic
445 2375 555 2443 babuit)
575 2375 675 2430 habens
691 2379 725 2434 L.
742 2371 787 2423 ί-
805 2380 923 2450 Contigit
941 2388 1032 2430 autem
1050 2380 1089 2444 L;
1117 2381 1187 2431 mori
1199 2378 1290 2446 filiurn

53 2479 57 2494 ·
155 2449 190 2507 Ν.
208 2446 286 2500 -’7
314 2449 447 2500 tristitiae
473 2467 540 2500 suae
565 2450 598 2509 1..
616 2455 688 2502 -8
713 2451 815 2502 invenit
835 2452 929 2520 potius
957 2450 1008 2502 dol.
1032 2468 1095 2503 aem.
1120 2451 1147 2503 L
1171 2450 1206 2508 N.
1223 2453 1289 2502 -9

156 2518 256 2571 dictum
272 2518 433 2580 antidotum
449 2520 473 2573 L
492 2520 527 2574 Ν.
545 2549 582 2562 -
617 2522 697 2574 Addit
713 2523 835 2588 Fulgent.
853 2521 983 2574 udosdulo
1001 2524 1045 2585 G,
1064 2521 1290 2574 r'A‘OOAOAor

155 2591 196 2657 133
213 2593 292 2657 vulgo
309 2589 445 2652 idodinin5
464 2593 533 2646 unde
551 2592 663 2647 editores
680 2595 810 2647 linxerunt
833 2587 900 2651 εἶδος
920 2588 1021 2663 ὀδύνης.
1039 2619 1076 2631 --
1096 2597 1133 2644 10
1149 2590 1290 2663 possumus

140 2662 239 2721 ,dicere
255 2663 280 2714 L
298 2661 332 2718 Ν.
349 2691 386 2704 -
404 2662 519 2730 donant)
536 2679 589 2716 om.
609 2664 644 2716 Ν.
660 2695 696 2707 -
712 2664 741 2716 in
758 2664 865 2722 adulat,
884 2664 981 2716 domini
1001 2665 1035 2722 Ι..
1052 2667 1141 2729 -11
1158 2662 1291 2733 plectebat

92 2762 93 2767 =
155 2773 185 2789 ..
205 2731 334 2803 offerebat
349 2768 372 2788 .·
386 2733 562 2787 succendebat
579 2736 700 2789 L.-13
719 2754 737 2787 a
753 2735 856 2788 damirw
873 2735 977 2788 veniam
994 2737 1024 2788 Μ
1038 2734 1120 2787 Ν.-
1139 2738 1173 2797 rt
1192 2734 1291 2787 tinwris

151 2806 246 2875 potius
265 2805 315 2871 M3
328 2806 423 2874 potius
441 2807 581 2860 timorisL
604 2807 640 2865 N.
657 2838 701 2850 -
719 2808 819 2859 dictum
837 2809 892 2875 est)
915 2825 952 2861 sc·
970 2824 986 2859 a
1003 2808 1109 2864 Petron.
1138 2808 1171 2861 fr.
1196 2825 1225 2877 p.
1242 2808 1292 2859 812

155 2878 246 2934 Burm.
265 2877 307 2928 ed.
325 2877 361 2930 II.
379 2908 423 2921 -
440 2883 476 2930 16
492 2877 583 2946 cultu)
602 2878 713 2929 cultura
730 2881 760 2932 M
778 2879 819 2944 N;
847 2879 983 2930 culturam
997 2879 1030 2931 Ι..
1049 2910 1086 2922 --
1106 2884 1143 2931 18
1168 2878 1291 2947 recipien-

154 2949 203 3000 dos
219 2966 276 3001 esse
293 2949 317 3005 L
336 2948 372 3002 Ν.
389 2980 426 2992 -
442 2958 634 3001 consueverunt
650 2951 687 3007 H.
702 2979 739 3011 -‚
756 2955 791 3002 19
815 2951 945 3002 orationis
966 2951 1002 3005 H.
1020 2977 1056 2988 -
1075 2968 1116 3002 as.
1143 2951 1293 3000 auctoritas

136 3015 233 3072 'ducit
249 3020 290 3086 N,
309 3021 356 3073 sed
372 3023 399 3074 in
416 3037 521 3081 mura.
551 3022 612 3089 quia
635 3028 706 3074 totus
729 3024 802 3075 locus
826 3038 947 3090 perverso
972 3022 1061 3074 ordine
1090 3029 1215 3073 exaratus
1238 3021 1292 3073 tue-

159 3106 209 3150 rat.
226 3126 270 3138 -
284 3097 320 3145 20
339 3092 433 3145 dicunt
450 3112 497 3145 un.
515 3093 541 3149 d.
560 3112 582 3146 e.
601 3094 634 3148 L.
651 3125 696 3137 -
711 3097 746 3145 21
775 3093 871 3144 eisdem
897 3094 928 3146 M
945 3093 969 3145 L
987 3094 1012 3146 N
1031 3099 1182 3146 constanter
1198 3123 1244 3135 —
1259 3096 1293 3143 22

158 3165 227 3238 qua)
245 3166 311 3237 quia
328 3164 362 3218 N.
380 3194 424 3207 -
440 3168 476 3216 23
494 3164 570 3230 item)
589 3181 641 3222 om.
660 3164 684 3215 L
703 3164 729 3216 N
738 3183 747 3230 3
761 3163 829 3215 idem
847 3165 881 3221 H.
901 3193 938 3205 —
962 3173 1139 3232 nunccupatur
1166 3163 1189 3214 L
1208 3163 1244 3219 N.
1260 3191 1292 3203 -

56 3244 58 3249 '
156 3237 235 3304 enim)
254 3252 305 3289 om·
323 3236 364 3293 M.
380 3264 417 3277 -
434 3239 470 3289 24
490 3236 606 3289 Vitimus
625 3236 691 3307 quia
716 3254 742 3290 a.
763 3245 890 3302 praestat
906 3236 932 3288 N
938 3254 947 3301 3
978 3264 1015 3277 -
1036 3234 1138 3287 Vitimu
1160 3231 1174 3286 ὲ
1198 3235 1236 3286 Η.
1251 3261 1292 3277 -·-

158 3312 195 3362 24
212 3307 340 3360 Sentniut
358 3310 391 3363 L.
409 3337 454 3351 -
471 3307 535 3378 quia
553 3308 587 3361 N.
603 3335 640 3348 -
675 3308 715 3360 De
742 3309 865 3362 Vitumno
890 3312 917 3360 et
943 3308 1051 3360 Sentino
1076 3253 1294 3429 vidjdugustin.

158 3382 190 3434 C·
208 3381 241 3432 l).
259 3384 292 3445 1,
309 3383 337 3436 3.
353 3410 391 3423 -
407 3382 444 3431 25
457 3378 562 3446 jupiter
579 3377 639 3432 HN
657 3385 812 3433 constanter.
829 3410 865 3423 -
883 3378 971 3429 lutere
989 3379 1025 3434 H.
1042 3406 1078 3419 --
1090 3382 1113 3428 2
1152 3376 1225 3445 alia)
1244 3392 1293 3439 otti.

157 3453 192 3508 Ι..
209 3479 245 3490 -
262 3459 401 3522 tamquam
415 3449 610 3520 plurimarum)
627 3451 707 3522 quasi
724 3451 868 3501 multorum
885 3449 919 3503 N.
936 3479 973 3491 —
990 3455 1026 3502 21
1049 3450 1088 3515 et)
1103 3447 1189 3498 etiam
1208 3448 1243 3504 N.
1259 3462 1294 3488 .a

161 3542 233 3575 unua
250 3522 319 3573 idem
337 3540 389 3573 non
405 3541 427 3575 a.
445 3521 480 3573 Ν.
498 3550 532 3575 -.-
550 3521 670 3593 idetnque
688 3522 753 3572 deus
770 3522 802 3578 Ι..
820 3549 856 3560 -
873 3526 910 3572 28
937 3521 985 3572 aed
1001 3530 1028 3571 et
1046 3519 1151 3604 divarsp
1169 3537 1204 3570 ac
1221 3519 1294 3571 vario

158 3595 191 3650 Μ
215 3594 250 3648 Ν.
280 3622 312 3634 -
343 3593 498 3645 nominatur
524 3594 558 3647 L.
582 3622 619 3634 ··-
641 3599 677 3647 29
703 3592 796 3644 Seiani
821 3593 844 3644 L
870 3592 904 3648 N.
941 3591 1029 3660 Majus
1051 3591 1161 3657 conjicrt
1187 3590 1295 3642 Bataui.

157 3666 214 3720 Sed
246 3667 356 3730 frustra3
390 3667 439 3718 etsi
467 3664 592 3717 Valerius
620 3667 740 3716 Soranus
763 3665 790 3716 iu
814 3665 872 3732 ipso
900 3664 985 3716 fronte
1010 3658 1105 3716 codicis
1134 3661 1159 3714 N
1187 3663 1294 3729 legatur,

159 3745 291 3807 tamquam
318 3737 395 3804 hujus
432 3736 518 3804 operis
542 3744 640 3795 auctor.
665 3763 701 3774 -
736 3737 855 3789 Valerius
881 3731 1030 3799 Serranus,
1058 3734 1135 3799 cnjus
1164 3740 1255 3787 atavos
1280 3749 1295 3784 a

108 3814 111 3825 '
159 3811 269 3863 serendo
288 3826 381 3862 nomen
399 3810 510 3860 traxisse
527 3809 638 3860 affirmat
654 3807 746 3860 Heius.
765 3808 798 3859 ad
816 3808 891 3874 Virg.
910 3809 958 3860 Ae.
976 3810 1008 3872 6,
1026 3809 1078 3872 845
1097 3804 1156 3870 (Cf.
1175 3805 1295 3872 mytluL

158 3883 255 3949 223.),
273 3878 341 3934 inter
359 3885 450 3949 poetas
469 3896 595 3947 pauperes
614 3884 654 3932 est
671 3880 739 3948 apud
766 3881 935 3943 luvocata,
953 3883 989 3930 80
1014 3882 1041 3929 et
1065 3875 1183 3928 Martial.
1203 3883 1238 3944 4,
1255 3881 1296 3942 37,

78 3980 99 4002 .-
159 3958 194 4020 33
213 3954 261 4020 (cf.
280 3952 428 4005 Frotscher.
453 3951 485 4003 ad
505 3953 640 4008 Quinctil..
657 3951 679 4002 Ι.
699 3951 745 4003 Or.
774 3954 808 4002 10
827 3968 852 4018 p.
870 3954 939 4015 228,
959 3955 986 4001 et
1009 3946 1090 4002 schol.
1116 3946 1227 4002 adJuv.
1245 3950 1262 4002 Ι.
1278 3948 1295 3999 l.

160 4044 187 4094 p.
204 4029 259 4078 285
276 4024 394 4092 Cram.);
421 4022 490 4090 apud
508 4025 579 4075 illum
598 4023 672 4077 codd.
690 4029 718 4074 et
737 4024 870 4084 Sarrano,
898 4027 925 4072 et
941 4022 1045 4072 Sarano
1062 4026 1089 4070 et
1106 4020 1234 4089 §arnano
1252 4035 1296 4072 ex-

161 4097 259 4151 hibent.
282 4124 319 4138 -
340 4095 481 4164 repertor.)
518 4094 609 4149 Malim
637 4103 749 4150 creator.
772 4119 808 4132 -·
849 4091 947 4159 Unde).
989 4092 1087 4145 Versus
1109 4088 1296 4158 seqq.''extant

162 4170 242 4221 etiam
266 4184 308 4238 ap.
332 4169 406 4221 Serv.
430 4166 463 4218 ad
488 4166 536 4223 Ac.
560 4171 593 4230 4,
616 4170 680 4218 638.
703 4189 738 4203 -
763 4163 834 4230 uua)
863 4179 914 4217 om.
936 4158 969 4215 D.
994 4189 1028 4202 —-
1048 4157 1191 4212 caelicolae
1209 4156 1296 4234 uragu?

157 4241 187 4297 0.
205 4270 240 4284 ·-
258 4246 295 4299 ³4
315 4238 436 4310 diversa)
463 4238 552 4294 (livien
577 4239 653 4294 (tit.
671 4264 707 4279 -··
721 4239 761 4290 12
783 4235 868 4287 oratio
895 4234 967 4287 Iouis
992 4234 1015 4286 N
1040 4233 1074 4286 Ι..
1093 4258 1127 4272 -ι
1147 4239 1183 4287 33
1211 4231 1295 4308 quos.)

1335 3978 1337 3985 .
