2684 4606
8 256 11 268 ,
129 166 208 269 rao
405 106 595 269 upnops
616 166 668 240 11.
724 154 870 241 νον-
893 167 987 245 roc.

131 375 242 420 versae
266 373 344 420 suos
369 349 608 421 interfecerunt.
650 350 727 418 Sola
756 353 1014 506 Hypermncstra
1044 336 1180 444 Lynceo
1202 375 1265 421 ma·

120 439 193 543 ¹'rito
222 460 281 506 suo
311 437 483 540 peperpito„
516 440 542 504 A
571 459 635 590 qpo
664 448 778 543 postea
837 461 957 543 anaus3
989 448 1025 506 ut
1045 439 1265 509 oraculi-fides

29 560 33 569 '
131 522 581 678 titt‘nrtlltl
619 522 1268 693 ltrltuffliillustrauit

111 632 308 784 calliopam
326 694 444 762 laboris
465 658 560 763 fidem
583 633 773 762 medeantur.
890 633 932 703 μβ
1310 704 1314 723 ·’

527 884 621 960 lua.
662 886 888 990 Tityus.
974 910 977 917 ’

59 987 73 999 “
92 995 109 1087 ¹,
218 965 352 1110 Tityus,
381 1016 507 1084 'Persae
529 1017 629 1094 lilius,
659 1024 767 1083 tantae
789 1013 848 1081 suit
868 1012 1117 1102 magnitudinis,
1151 1028 1189 1086 ut
1210 1038 1272 1087 am

156 1101 288 1171 lrtudine
315 1103 364 1172 sui
395 1104 539 1193 conponis
569 1123 681 1168 novem
711 1099 823 1185 'ugera
843 1115 1027 1189 occuparet.
1069 1104 1138 1170 Hic
1160 1106 1272 1173 amarit

26 1214 39 1239 ν
135 1127 314 1272 hotonem
346 1203 477 1280 propter
508 1184 605 1277 quod·
623 1125 772 1275 Apoliinis
805 1187 948 1253 conlisus
982 1200 1031 1257 est
1060 1186 1210 1277 sagittis,
1244 1204 1302 1257 et-

67 1274 308 1345 ,1odamnatus
333 1274 395 1342 hac
425 1274 501 1362 loge
528 1270 615 1362 apud
642 1270 782 1350 inferos,
817 1283 854 1341 ut
880 1271 1001 1356 rrrltur,
1032 1277 1274 1347 renascentibus

138 1383 267 1453 semper
287 1358 392 1438 tibris,
420 1360 488 1451 ejus
503 1359 599 1449 jecur
617 1355 743 1425 exedat

418 1538 424 1552 „
486 1549 584 1627 105.
637 1550 919 1652 Sisyphus.

224 1681 333 1757 Quum
368 1680 452 1748 inter
489 1679 555 1748 duo
587 1681 702 1762 maria,
742 1681 934 1770 Sisypheum
968 1679 1115 1751 videlicet
1147 1692 1184 1753 et
1213 1684 1276 1751 he·
1304 1680 1307 1743 ἶ

142 1767 296 1845 chaeum,
329 1767 463 1854 positum
494 1776 634 1833 montem
663 1767 817 1856 Sisyphus
848 1767 969 1835 cmdeli
989 1767 1154 1836 latrocinio
1179 1792 1277 1839 occu·

100 1863 267 1943 1spasset,
288 1852 430 1919 hominos
452 1862 708 1940 praetereuntes,
730 1853 761 1918 in
788 1875 845 1920 ens
867 1877 979 1923 saxum
999 1874 1169 1942 supereos
1185 1878 1276 1959 prae

142 1935 320 2026 cipitando,
350 1937 459 2004 solitus
489 1948 559 2004 erat
585 1958 711 2005 necare.
754 1872 852 2013 {aad
872 1939 976 2008 scelus
997 1938 1132 2020 luendo,
1162 1938 1277 2011 dicitur

142 2023 229 2112 apud
266 2023 397 2089 interos.
421 2033 534 2089 contra
566 2024 681 2090 montis
713 2025 864 2091 verticem
896 2048 1007 2093 saxum
1039 2025 1185 2105 volvere,
1215 2052 1278 2116 que

143 2131 271 2198 semper
299 2108 425 2196 elapso,
458 2130 630 2197 numquam
660 2108 801 2175 volvendi
830 2111 941 2177 labore
964 2111 1106 2201 quiescit.
1151 2112 1278 2183 Dicitur

76 2223 80 2237 ¹
144 2207 251 2262 autem
270 2192 355 2259 idem
376 2193 551 2284 Sisyphus,
580 2195 679 2272 Jove,
706 2218 742 2261 se
764 2196 962 2284 Aeginam,
987 2197 1096 2284 Asopi
1108 2196 1297 2285 fluminio¹

100 2276 276 2366 aofiliom,
306 2281 485 2366 rapuisse,
516 2280 575 2368 ipsi
603 2281 771 2361 confesso,
806 2282 870 2355 hoc
890 2283 1054 2371 quaerenti
1077 2282 1160 2370 patri
1180 2284 1278 2355 inlitis
1307 2332 1312 2349 .

13 2368 15 2375 ’
145 2364 273 2432 levitate
302 2363 495 2452 prodidisse,
530 2378 562 2433 et
582 2366 625 2431 ob
651 2366 714 2433 hoc
735 2367 788 2434 tali
812 2366 899 2456 apud
918 2367 1038 2434 inferos
1062 2391 1166 2456 poena
1189 2369 1276 2439 dam-

143 2462 238 2520 natus
265 2471 345 2517 esse.
388 2451 475 2517 Sane
506 2449 549 2516 de
569 2450 617 2518 his
639 2454 784 2519 omatibus
804 2453 884 2518 mire
906 2453 1012 2521 reddit
1034 2454 1197 2537 rationem,
1212 2456 1277 2523 hu-

144 2536 282 2619 maius,
313 2537 518 2618 confirmans,
539 2538 571 2602 in
593 2550 702 2606 nostra
723 2539 786 2605 vita
807 2562 879 2605 esse
900 2541 1130 2628 omnia„quae
1148 2541 1277 2633 linguo-

144 2632 198 2691 tur
218 2621 268 2687 ¹de
293 2621 410 2690 inferis
459 2623 547 2690 Dicit
574 2645 728 2712 namque,
762 2623 894 2713 'Pityum
924 2647 1064 2692 amorem
1092 2628 1277 2708 esse,·hoo
1304 2656 1310 2685 «-

102 2717 197 2774 atest
223 2706 399 2789 libidinem,
431 2731 514 2797 quae
533 2708 708 2775 secundnm
731 2707 878 2799 physicos
901 2722 934 2778 et
955 2709 1097 2779 medicos
1115 2712 1147 2785 in
1165 2713 1276 2804 jecore
1303 2730 1307 2737 “

145 2806 214 2872 est,
246 2794 329 2861 sicut
355 2794 437 2860 risus
467 2796 500 2861 in
528 2795 654 2881 splene,
688 2794 852 2862 iracundia
880 2797 918 2861 in
942 2797 1031 2863 selle:
1065 2796 1275 2868 unde,etiam
1309 2824 1314 2883 ⁴:

19 2956 23 2962 ,
145 2900 275 2946 exesum
298 2903 318 2944 a
339 2879 478 2963 vulture,
508 2878 624 2944 dicitur
652 2880 683 2944 in
716 2903 852 2966 poenam
884 2883 1016 2948 renasci.
1061 2882 1191 2950 Etenim
1212 2886 1274 2953 libi·
1291 2902 1314 2925 '-

145 2963 210 3030 dini
232 2987 295 3031 non
317 2964 436 3033 sufficit
456 2986 507 3031 res
529 2963 626 3031 semel
648 2977 797 3053 peracta,
830 2966 890 3033 sed
918 2964 1116 3035 recrudescit
1143 2990 1287 3061 semper:
1312 3006 1314 3015 ·

113 3048 233 3118 allicit
250 3051 344 3118 etiam
365 3051 556 3128 Lucretius,
586 3072 645 3139 per
666 3072 739 3131 eos,
765 3073 863 3140 super
884 3075 964 3141 quos
976 3053 1043 3144 jam
1065 3076 1201 3124 casurus
1221 3058 1275 3123 im·

46 3176 54 3183 -
103 3136 245 3205 nominet
264 3136 342 3226 lapis
362 3135 591 3224 superstando,
613 3135 775 3224 designari
793 3139 845 3226 qui
867 3138 1003 3206 inaniter
1023 3161 1151 3242 semper
1168 3165 1275 3209 veren-
1307 3204 1311 3211 .

145 3233 217 3303 tur,
246 3233 279 3290 et
304 3221 348 3288 de
377 3221 435 3288 diis
457 3233 490 3289 et
510 3221 599 3289 caelo
620 3223 701 3289 male
722 3224 898 3312 opinantur.
940 3225 1024 3292 Nam
1045 3224 1186 3313 religiosi
1207 3237 1277 3297 suut
1299 3224 1314 3303 ’.ν

145 3308 201 3397 qui
219 3330 277 3397 per
296 3308 505 3374 reverentiam
525 3308 645 3374 timent.
689 3310 755 3375 Per
779 3332 835 3378 eos
857 3322 981 3393 autem,
1004 3308 1057 3399 qui
1080 3334 1191 3380 saxum
1213 3310 1276 3381 rol-
1310 3308 1314 3335 ''

67 3434 114 3463 -..÷-
132 3400 242 3476 'runt,
269 3394 420 3460 ambitum
447 3393 512 3459 vult
539 3405 572 3461 et
594 3393 752 3482 repulsam
773 3396 961 3484 significari,
997 3397 1070 3485 quia
1100 3399 1199 3467 semel
1226 3422 1275 3469 re-
1308 3402 1314 3411 '

73 3484 76 3489 ’
146 3480 230 3570 pulsi
249 3479 400 3568 petitores
422 3479 543 3546 ambire
563 3501 626 3546 non
648 3479 803 3550 desinont.
833 3483 900 3551 Per
921 3493 1022 3551 rotam
1043 3494 1151 3554 autem
1174 3497 1276 3558 osteu-

102 3569 139 3648 ⁸5⁶
148 3565 195 3638 dit
215 3564 442 3654 negotiatores.

553 3728 646 3804 106.
699 3731 875 3806 Ixion.
961 3761 965 3768 ·

229 3863 337 3943 Ixion,
367 3859 534 3962 Phlegyae
555 3860 652 3940 filius,
681 3859 853 3946 imperator
876 3858 1106 3947 Lapitharum,
1136 3863 1277 3933 'Phossa-
1302 3850 1314 3895 '¹²

145 3947 227 4014 licae
254 3951 377 4035 gentis,
411 3946 615 4013 amicissimus
643 3946 732 4024 Jori,
766 3968 863 4033 quum
895 3947 984 4012 venia
1012 3948 1079 4036 ejus
1101 3947 1134 4013 in
1158 3950 1304 4019 caelum.

146 4033 316 4102 translatus
346 4034 473 4114 luisset,
503 4033 660 4098 Junonem
693 4030 735 4096 de
754 4045 864 4118 stupro
886 4031 1084 4120 interpellare
1104 4057 1202 4102 ausus
1220 4046 1278 4115 est.
1301 4040 1314 4117 ζ,

106 4120 242 4195 mQuae
263 4118 305 4185 de
327 4118 460 4185 audacia
479 4119 546 4208 ejus
570 4129 744 4205 conquesta
763 4117 856 4195 iovi,
878 4116 1033 4184 suadente
1053 4119 1140 4207 ipso,
1163 4143 1221 4210 pro
1243 4134 1314 4199 soff-,³

148 4206 264 4273 nubem
294 4204 322 4270 ei
355 4205 519 4292 opposuit,
547 4226 619 4272 cum
646 4225 709 4292 qua
729 4201 820 4270 Ixion
841 4204 1029 4284 concubuit;
1065 4204 1151 4275 unde
1179 4204 1314 4301 geniti

260 4536 368 4566 A
