2684 4606
252 201 557 319 sNotaeCriiicee
582 206 619 277 in
645 204 757 305 myth.
786 207 829 302 Ι,
868 178 1066 287 71--76,
1161 148 1241 325 dl
1336 202 1340 213 ’

103 394 149 448 tibi
167 392 253 460 mugit
276 390 404 461 placent?
447 389 640 445 MUNGKDR.
662 419 706 434 -
724 394 742 443 8
768 389 976 462 dimicantium)
998 398 1033 451 Vi
1056 395 1262 456 ‹limum›

103 468 169 532 legit
185 463 277 518 Barth.
293 463 361 516 Λᾶν.
378 466 426 529 10,
443 466 479 528 8,
497 464 651 515 observante
669 463 821 525 Munek‘ero.
839 484 884 510 -s-
901 470 937 519 10
961 471 1162 540 pertimescens)
1177 476 1241 543 per-

102 538 199 588 timens
226 535 306 588 dedit'
334 535 472 599 Micyllus,
502 550 580 600 quem
612 535 715 600 sequuti
742 541 804 586 sunt
836 530 953 591 Munck.'
973 546 1000 593 et
1028 543 1103 596 Stur'.¹
1117 578 1161 589 -
1179 546 1239 600 Mer

101 609 282 678 praetiosum,
309 605 379 672 quod
397 606 498 673 recepit
514 605 630 675 Veueis3
658 605 803 658 Ruenerius
820 615 908 661 autem
926 611 1028 664 desua
1045 614 1150 667 timens.
1184 618 1241 671 Sed

104 682 180 733 Laut·
202 678 354 744 'subjungite
371 675 537 745 imperauit,
569 683 635 725 ute
663 685 804 751 conspectu
832 679 883 730 sui
898 680 1074 744 discederent,
1102 696 1240 764 caputque

105 755 137 804 (1.
157 752 332 804 eta-12
356 746 485 818 diriguit)
513 745 542 799 in
556 763 658 797 saxum
683 746 755 800 addit
771 748 848 804 Luat.

395 867 449 944 74.
492 867 612 934 Serv.
643 864 700 933 ad.
725 869 798 936 Ae.
818 871 850 951 8,
873 871 948 940 646.

177 973 339 1042 Arruntem)
362 971 403 1025 Ita
420 979 448 1025 et
465 972 504 1036 03
520 979 549 1022 et
568 969 703 1022 errantem
721 973 755 1037 D.
774 999 819 1037 ·,··
835 972 996 1028 obsidentem
1018 977 1049 1031 (1.
1062 1009 1107 1041 -3-
1124 983 1160 1036 17
1178 999 1242 1036 ωη.

104 1044 203 1113 tentio)
224 1046 312 1098 omisit
336 1045 368 1096 D·
385 1073 430 1085 -
448 1047 483 1096 18
508 1042 638 1112 arreptis)
657 1043 786 1112 correptis
809 1035 844 1098 D.
861 1071 907 1086 -·
928 1049 958 1100 in
979 1049 1060 1115 dom.)
1076 1053 1243 1122 Praepositio

105 1119 183 1170 abed
209 1117 265 1169 eC
289 1115 323 1168 D.
336 1143 385 1165 ··--
404 1120 439 1170 19
465 1113 560 1177 simul)
587 1113 660 1168 sicut
677 1125 755 1166 erant
777 1115 872 1169 0.-
892 1122 926 1171 21
954 1138 1060 1189 operam
1085 1122 1193 1176 dantem
1219 1128 1244 1181 c

88 1190 140 1240 'D.
156 1216 205 1230 -
221 1191 258 1239 29
278 1187 396 1239 arrontis
418 1188 451 1241 D.
467 1211 514 1229 ν·-
531 1183 570 1235 ad
597 1184 731 1237 Arruntis
750 1186 783 1244 C.
801 1192 897 1245 —24
921 1207 1016 1243 arrons
1037 1192 1077 1259 D,
1101 1201 1129 1247 et
1151 1198 1191 1250 sio
1215 1201 1242 1252 in

106 1275 182 1326 seqq.
199 1289 245 1301 -
260 1256 447 1328 expugnabili)
466 1254 649 1327 expugnanda
671 1256 693 1308 (1
715 1259 748 1309 D.
766 1288 812 1302 --
833 1258 956 1313 Lucretii
980 1263 1011 1317 (1.
1028 1297 1073 1310 ·-
1088 1269 1126 1317 2⁸
1147 1277 1181 1318 ut
1199 1286 1244 1320 se-

106 1347 170 1381 cum
193 1328 275 1382 coiret
290 1330 316 1383 (1
333 1332 366 1382 Ι).
383 1359 428 1371 -
445 1332 487 1383 99,
507 1327 537 1381 ni
560 1343 660 1376 mcum
679 1327 713 1381 (1.
728 1356 773 1371 -·
790 1334 827 1381 30
847 1330 1059 1400 deprehenderim
1087 1336 1110 1388 (1
1126 1336 1160 1390 D.
1176 1338 1245 1407 Maji

106 1402 168 1454 eod.
192 1388 363 1470 deprehensa.
396 1426 442 1441 -··
461 1405 503 1454 69
528 1395 644 1470 quippe)
662 1414 731 1453 om·
762 1401 785 1453 (1
809 1400 840 1454 D.
868 1433 913 1448 ·-
930 1404 1065 1474 futurum
1084 1409 1117 1460 D.
1140 1437 1187 1452 -
1207 1414 1245 1465 94

103 1481 189 1542 patre
205 1471 408 1540 turpicitinoc.
426 1500 471 1514 -
493 1468 674 1537 ascetarum)
694 1486 745 1553 onp.
767 1471 798 1526 (1.
814 1496 859 1517 .-
883 1477 943 1540 ejus
961 1476 1048 1544 pudor
1067 1479 1100 1531 (1.
1124 1478 1169 1524 -“’-
1180 1481 1247 1554 suit

107 1546 144 1597 D.
162 1571 206 1582 -
224 1548 260 1596 96
275 1552 346 1594 esset
369 1542 497 1594 interitus
516 1541 539 1598 C
555 1540 589 1591 D.
607 1569 653 1586 -ι-
672 1550 701 1592 et
722 1540 806 1594 electo
823 1543 916 1614 gladio
936 1545 1030 1599 (1.-
1051 1546 1080 1600 et
1100 1552 1186 1618 ejecto
1202 1550 1247 1624 gl.

109 1616 145 1671 D.
181 1612 251 1666 Num
278 1611 402 1665 cletecto?
425 1629 459 1665 an
484 1607 601 1666 stricto?
624 1638 670 1651 -
694 1617 861 1680 extractum)
889 1617 1034 1669 exercitum
1061 1621 1097 1684 ῦς
1122 1633 1247 1675 exertum

110 1687 146 1738 D·
163 1715 208 1728 -·-
224 1690 260 1739 ³9
281 1683 416 1754 turpidine
439 1685 470 1737 (1.
487 1711 532 1723 -·
556 1699 590 1747 nc
610 1679 659 1732 ille
689 1681 778 1734 urbem
800 1685 962 1754 reciperetur
979 1688 1011 1741 (1.
1029 1721 1073 1735 -—
1090 1693 1124 1743 41
1148 1698 1267 1764 supra)-

110 1774 163 1810 om.
182 1758 205 1808 (1
222 1759 255 1810 D.
272 1789 317 1803 -·
334 1761 370 1809 42
396 1762 558 1824 pertenuem
585 1768 673 1822 regem
698 1755 802 1809 tusciae
827 1758 849 1810 C
874 1760 908 1811 D.
930 1789 976 1812 .-
998 1763 1034 1812 44
1064 1763 1188 1829 Romam)
1215 1773 1267 1817 et'

110 1846 171 1879 eam
195 1830 229 1882 D.
246 1833 322 1880 —1
343 1825 490 1879 subullium
511 1827 552 1892 D3
570 1823 617 1876 sed
634 1826 722 1889 glossa
737 1828 898 1894 margimiuz
923 1827 972 1880 alii
995 1829 1144 1888 sublicium.
1164 1840 1245 1892 -4

112 1899 228 1967 tyberim
250 1900 355 1950 1)...-
380 1902 397 1948 5
420 1899 481 1965 ejus
497 1899 609 1965 fluento
627 1895 660 1950 D.
684 1903 764 1950 ...6
788 1899 818 1950 in
841 1899 946 1952 comicie
975 1901 1009 1954 D.
1033 1932 1077 1944 —
1099 1903 1247 1963 obiceretur
1324 1905 1327 1910 ’

111 1973 135 2023 C
155 1973 188 2026 D.
205 1975 286 2022 -8
312 1969 361 2037 et)
380 1969 506 2021 etiarnC
528 1968 561 2021 D.
585 1997 629 2014 -
652 1971 670 2019 9
702 1968 814 2034 Cloelia)
843 1970 884 2023 lta
904 1973 947 2035 D'3
978 1969 1076 2026 ctetiai
1092 1959 1134 2042 Ᾱς
1160 1978 1246 2029 coelia

112 2044 145 2094 (1.
161 2069 207 2081 -
232 2046 267 2093 10
292 2039 450 2109 redditaque
478 2057 575 2091 rursus
597 2038 676 2108 pacis
703 2039 759 2110 lege
788 2041 811 2096 C
836 2041 869 2094 D.
893 2071 938 2087 ·-·
963 2047 1115 2116 repetente)
1128 2045 1248 2120 >repento
1281 2084 1282 2091 .
1307 2093 1310 2098 ,

112 2115 144 2166 (1.
164 2113 357 2182 -12cum)
380 2127 432 2165 om.
449 2110 481 2166 (1.
505 2133 551 2158 --
569 2114 604 2164 16
621 2109 750 2182 hodieque
767 2112 790 2164 (1
806 2112 840 2166 D.
857 2109 902 2153 ...-

166 2236 220 2304 75.
262 2232 401 2300 schor.
434 2229 487 2298 as
518 2217 623 2298 stat
645 2230 718 2296 rh.
740 2231 778 2308 3,
799 2233 914 2320 2831..
935 2212 1194 2324 sinsin.
1240 2232 1245 2237 ·
1297 2296 1319 2320 .

228 2318 279 2384 ad
306 2322 372 2386 Ae
400 2317 440 2400 4,
459 2318 514 2384 99.
536 2315 743 2406 mythogr.
763 2317 815 2398 Π,
837 2319 911 2385 219,
932 2318 999 2410 ῌΙ,
1022 2325 1080 2403 11,
1100 2324 1133 2390 3.

184 2425 210 2480 Β
227 2423 420 2495 mytbographis
438 2424 533 2477 nostris
549 2422 634 2476 Servii
652 2423 765 2476 narratio
782 2423 860 2491 (quae
878 2432 964 2480 umen
987 2443 1004 2478 a
1022 2426 1044 2479 C
1062 2433 1090 2480 et
1105 2427 1131 2480 D
1154 2425 1247 2497 abest)

113 2505 142 2552 et
160 2499 304 2568 supplenda
321 2504 349 2551 et
364 2496 524 2550 emendanda
539 2500 588 2548 esi·
622 2494 733 2560 Brevius
751 2511 807 2548 rem
824 2497 903 2549 tradit
918 2499 993 2550 Sere.
1007 2497 1040 2548 ud
1059 2502 1107 2550 Ae.
1125 2502 1158 2565 1,
1175 2503 1249 2564 6513

112 2572 189 2638 cujus
207 2571 287 2624 verbu
303 2570 467 2623 consentiunt
483 2584 548 2625 cum.
560 2564 690 2632 mythogr·
706 2567 741 2632 11,
758 2570 822 2636 919.
856 2568 949 2620 Servio
973 2567 1039 2622 hanc
1057 2569 1171 2624 tabulam
1188 2572 1249 2625 rin·

113 2644 186 2694 dicut
204 2640 333 2709 mytbogr.
351 2641 405 2704 Iu,
433 2655 510 2707 quem
535 2638 603 2691 vide.
643 2638 670 2690 ls
694 2644 781 2693 autem
798 2639 855 2705 ejus
873 2640 972 2691 initium
995 2642 1133 2694 contruxit.
1148 2645 1249 2694 -10

107 2713 334 2785 formosissimus)
351 2712 426 2764 ebest
444 2727 460 2763 a
478 2710 502 2762 Β
522 2714 550 2761 et
577 2705 666 2775 schol.
678 2737 723 2749 -
740 2714 777 2760 20
793 2719 885 2778 posset
901 2709 1008 2778 implere
1026 2711 1050 2762 B
1068 2718 1096 2767 et
1116 2711 1248 2768 schol...

112 2790 149 2837 21
169 2786 268 2852 Istum)
291 2784 316 2835 is
333 2782 477 2838 36101.-
493 2797 576 2832 unam
594 2778 814 2849 .··.rirginem
843 2778 953 2833 nobilem
974 2781 1056 2834 schol.
1081 2815 1127 2827 -
1150 2782 1248 2837 nobilis

113 2856 193 2925 virgo
214 2858 247 2912 B.
265 2886 309 2901 --
339 2854 410 2924 ipse)
440 2862 469 2904 et
493 2851 549 2922 ipse
576 2850 643 2916 Maji
679 2853 739 2906 cod.
765 2878 811 2895 w·-
835 2854 871 2904 24
891 2853 961 2903 satis
990 2853 1078 2906 animo
1102 2855 1159 2908 solo
1183 2857 1248 2923 (tuo

82 2970 85 2977 .
114 2927 209 2994 schol.)
221 2924 348 2998 faciebat
370 2943 429 2992 asp.
447 2951 492 2969 w
509 2927 546 2976 96
569 2920 714 2974 Eleusinae
743 2921 843 2974 Cereris
865 2924 889 2978 B
916 2931 944 2976 et
972 2925 1047 2982 Seri.
1068 2954 1113 2968 --
1136 2930 1173 2979 27
1199 2927 1248 2995 er)

115 2999 200 3049 etiam
229 2997 312 3052 schol.
343 3004 371 3049 et
391 2996 424 3048 L.
446 3020 490 3036 -·-
516 2993 650 3060 amatam)
678 3011 762 3045 suam
785 2995 857 3046 addit
886 2995 919 3049 Β.
939 3027 984 3045 -..
1002 2999 1039 3047 26
1069 3015 1129 3048 cum
1152 2997 1249 3066 puella

115 3068 186 3135 abr.)
208 3069 285 3141 eique
302 3067 397 3138 puello
416 3067 536 3118 creditur
556 3066 596 3128 Β,
622 3063 694 3135 quod
707 3063 804 3134 puella
825 3065 976 3120 crederetur
997 3065 1084 3133 schah
1109 3077 1249 3140 tamquam

111 3140 210 3211 puella
228 3148 326 3209 raptus
345 3148 387 3190 est
406 3140 489 3201 δεῖν,
515 3135 611 3206 puella
632 3135 750 3188 creditus
771 3145 812 3188 est
835 3137 874 3194 1..
899 3140 943 3211 qui
970 3154 1028 3191 cum
1051 3139 1082 3191 Μ
1102 3139 1131 3191 in
1150 3138 1250 3192 habitu

118 3210 242 3263 muliebri
264 3212 404 3279 praemisit·
425 3240 470 3258 .-
492 3213 529 3261 90
549 3205 676 3274 tandem)
695 3206 815 3284 devoluti
833 3207 906 3265 addit
930 3208 1011 3262 schol.
1036 3215 1064 3263 et
1082 3211 1116 3263 Β.
1135 3229 1183 3267 ἰ-,-
1200 3208 1249 3265 ubi
1276 3215 1285 3239 ⁶
1328 3220 1333 3227 ‘

117 3284 165 3350 et)
182 3281 271 3354 ibique
290 3282 323 3336 Β.
342 3288 369 3334 et
396 3279 476 3337 schol.
505 3307 550 3326 --
570 3277 672 3348 pressi)
703 3278 822 3348 oppressi
840 3278 865 3329 Β
890 3287 918 3332 et
936 3280 1017 3336 schol.
1035 3311 1080 3326 ···
1104 3285 1140 3335 ³1
1161 3282 1250 3335 inter-

117 3353 201 3423 empti
225 3354 305 3406 sehol.
326 3359 354 3406 et
375 3353 399 3405 L
418 3351 449 3405 Μ
470 3351 505 3405 N·
519 3378 564 3396 -ι-
585 3350 684 3418 Hym.)
706 3348 794 3420 igitur
819 3349 917 3407 addunt
941 3351 966 3408 L
986 3351 1025 3404 M.
1043 3378 1089 3393 -
1109 3357 1146 3405 99
1172 3354 1251 3420 suae)

118 3426 242 3486 omittunt
271 3425 364 3492 reliqui
388 3421 464 3481 codd.
484 3451 529 3465 —
553 3423 589 3474 39
614 3421 694 3488 suas)
730 3436 783 3474 om.
816 3421 850 3474 L.
874 3449 919 3465 -
940 3422 1105 3474 restituisset
1127 3425 1152 3477 B
1169 3425 1194 3477 1.
1217 3424 1250 3478 Μ

119 3507 147 3553 et
166 3496 248 3550 schol.
269 3526 314 3542 -
353 3491 448 3563 Quas)
476 3509 557 3564 quam
588 3491 622 3542 B.
648 3518 693 3538 -η
710 3494 746 3545 34
771 3491 888 3568 aceepit)
924 3492 1005 3546 duxit
1035 3495 1060 3547 Ι,
1083 3494 1122 3550 Μ,
1146 3520 1191 3538 ..-
1211 3499 1250 3551 35

118 3568 224 3639 nuptiis
247 3569 332 3639 Hym.
353 3565 434 3622 schol.
453 3562 644 3619 -a-tmoruu
664 3563 741 3618 Serv.

182 3685 246 3782 ro.
290 3708 351 3780 cr.
379 3705 583 3801 mytho...
603 3702 655 3783 11,
675 3703 728 3774 u.
761 3705 885 3785 ιω,
905 3655 1104 3777 ωηιξη
1126 3703 1179 3775 ..ι

444 3793 549 3863 Stat.
583 3789 654 3859 Th.
675 3791 713 3870 8,
734 3791 778 3859 59
808 3814 839 3880 p.
859 3792 934 3860 977.

180 3898 342 3970 ⁸calliopae)
376 3897 505 3967 Calliopes
530 3905 571 3951 ast
592 3913 633 3965 up.
657 3894 739 3963 myth·
764 3897 804 3949 111
821 3915 849 3966 p.
866 3899 934 3951 911.
953 3899 997 3952 41.
1014 3924 1059 3942 «-
1093 3891 1253 3965 Apollinis).

121 3975 188 4030 Quis
204 3973 362 4038 Eurydicen
379 3972 506 4038 Apollinis
522 3971 600 4039 tiliam
618 3984 738 4034 umquem
755 3968 857 4032 dixerit,
874 3966 936 4023 mihi
952 3968 1068 4032 ignotum
1085 3973 1133 4021 est.
1168 3965 1254 4032 unu

121 4046 170 4099 tuit
189 4045 281 4111 (Serv.
311 4043 343 4097 ud
369 4044 419 4098 Ge.
438 4045 470 4106 4,
494 4045 556 4096 460.
581 4039 663 4106 myth.
679 4039 706 4094 ll
734 4045 833 4106 nto,
859 4041 925 4104 11.).
964 4037 1055 4104 tuque
1075 4038 1114 4091 sio
1139 4039 1200 4105 lego
1224 4041 1278 4100 ei,

120 4117 292 4185 interpungos
329 4114 410 4180 Orplr.
431 4115 477 4165 Oe.
495 4121 522 4162 et
544 4109 612 4170 cati.
629 4111 729 4161 Musae
749 4109 806 4166 vel.
834 4119 868 4160 ut
888 4106 998 4179 quidum
1022 4116 1142 4176 putant,
1163 4105 1254 4175 Apol-

120 4187 185 4239 linis
199 4185 299 4257 filius.
322 4183 385 4236 trab.
407 4201 455 4237 ux.
476 4184 545 4236 Eur.
563 4197 597 4234 ex
615 4180 745 4234 Herodoti
763 4179 861 4245 (schol.
876 4179 963 4247 Apoll.
979 4178 1032 4233 Bb.
1056 4183 1091 4242 1,
1105 4178 1260 4244 993,οψ

121 4260 179 4314 un
208 4258 370 4322 animmque
402 4255 531 4354 usuruq
565 4251 663 4322 (schol.
696 4251 732 4311 sd
761 4250 844 4313 eut.
877 4247 978 4333 rnu„
992 4254 1033 4317 ⁶..
1048 4249 1152 4314 m.
1165 4269 1215 4289 --
1236 4245 1283 4351 &J
