2684 4606
371 189 553 293 nryuup.
582 186 633 263 u.
672 182 767 262 aar.
791 173 905 329 aon(
1031 283 1033 289 ,
1134 187 1210 267 sar
1316 304 1320 324 ι

63 378 244 467 Nauplius,
274 376 364 468 cujus
385 378 466 445 iilius
488 373 698 456 Palamedes,
725 375 860 465 septimo
881 373 1027 462 gradun
1048 376 1128 444 Belo
1146 380 1213 446 ori-

65 467 176 553 ginem
199 465 339 544 ducens,
368 486 467 553 quum
496 461 655 530 delectum
675 483 734 551 per
757 461 928 542 Graeciam
950 475 1081 549 ageret,
1113 466 1210 532 simu·

63 553 181 618 lantem
217 550 372 616 insaniam
408 548 535 617 Ulixem
573 547 664 616 duxit
695 547 834 615 inritum.
875 548 1001 622 'Quum
1034 551 1116 616 enim
1147 552 1211 632 ille,
1320 600 1325 609 „

58 637 180 727 junctis
215 635 371 702 dissimilis
402 649 535 704 naturae
568 633 768 707 animalibus,
803 629 903 700 salem
935 647 1076 715 sereret,
1111 637 1209 704 lilium

64 725 93 788 ei
113 721 307 788 Palamedes
329 723 497 809 opposuit:
531 721 605 796 Quo
631 721 721 800 riso,
755 719 860 786 Ulixes
889 731 997 786 aratra
1025 724 1233 809 suspendit35

64 820 97 876 et
115 808 158 875 ad
182 807 299 881 bellum
323 807 456 887 ductus,
486 808 597 875 habuit
618 805 739 895 justam
764 827 894 872 causam
916 804 1044 876 doloris.
1089 809 1211 878 Postea

86 918 162 961 uum
191 893 321 967 Ulixes,
360 895 586 962 frumentatum
614 892 728 959 missus
758 890 800 958 ad
821 892 1014 979 Threciam,
1050 894 1123 960 nibil
1151 896 1211 962 ad-
1244 899 1249 911 ’

63 919 224 1062 duxisset,
257 1003 277 1046 a
304 978 481 1046 Palamede
508 991 560 1058 est
586 977 792 1044 vehementer
812 977 1022 1069 increpatus*
1046 980 1092 1047 Et
1111 1003 1210 1069 quum

64 1068 203 1148 diceret,
232 1064 322 1143 ,acteo
354 1088 421 1129 noa
455 1088 528 1134 esse
555 1062 818 1151 neglegentiam
847 1085 964 1143 ereum,
998 1084 1060 1128 nee
1092 1067 1218 1152 ipsum.

84 1152 220 1231 uidem,
237 1149 274 1214 si
290 1158 472 1236 pergeret,
496 1148 683 1238 quiequam
704 1147 873 1212 advehere
890 1170 991 1233 posse
998 1171 1011 1226 3
1041 1153 1253 1238 prolectuslc

61 1176 254 1303 Palamedes
284 1235 404 1302 infinita
432 1233 592 1301 frumenta
618 1231 753 1300 advexit.
795 1233 872 1307 Qua
891 1232 1007 1300 invidia
1027 1237 1129 1303 auctis
1150 1237 1208 1302 iui-

61 1323 203 1404 micitii's,
224 1322 332 1387 fictam
348 1320 513 1408 epistolam
529 1319 648 1386 Priami
669 1319 795 1385 nomine
811 1316 854 1384 ad
863 1317 1071 1388 Palamedem
1083 1322 1209 1403 direxit,

59 1431 118 1497 per
139 1428 237 1497 quam
260 1408 382 1494 agebat
402 1406 526 1493 gratias
548 1404 752 1494 proditionis,
784 1414 817 1472 et
835 1407 1209 1488 commemorabat,÷se'·
1255 1446 1259 1457 =
1320 1460 1322 1465 .

61 1506 187 1562 cretum
216 1495 286 1559 auri
314 1491 440 1581 pondus
471 1514 544 1558 esse
569 1490 803 1569 transmissum,
860 1489 926 1573 uod
964 1489 1053 1559 dedit
1081 1495 1207 1583 captivo
1240 1504 1296 1585 ‘t'

58 1581 224 1670 Trojano,
246 1589 373 1646 etcum
393 1579 426 1645 in
447 1576 561 1644 itinere
580 1576 659 1643 fecit
678 1575 792 1642 occidi.
867 1596 926 1641 aec
947 1575 1092 1661 inventa,
1116 1584 1250 1647 morelli

59 1665 278 1752 militiaeregi
299 1663 405 1731 oblata
426 1675 490 1744 est,
513 1674 547 1732 et
564 1661 649 1732 lecta
670 1661 863 1750 principibus
886 1663 1078 1730 convocatis.
1109 1665 1229 1732 'Punc2
1308 1675 1314 1686 ’

10 1828 14 1833 ,
58 1753 166 1820 Ulixes
188 1771 286 1839 quum
308 1773 345 1829 se
365 1748 530 1818 Palamedi
559 1746 786 1826 dissimularet,
822 1746 882 1814 ait:
917 1747 959 1813 St
984 1771 1105 1815 uerum
1133 1774 1208 1817 esee

57 1861 124 1902 non
154 1835 319 1913 creditis,
353 1837 406 1900 iu·
428 1833 577 1902 tentorio
609 1835 685 1920 ejus
712 1855 841 1897 ozerum
868 1844 1074 1920 proseratur.
1120 1828 1205 1911 'Quo

59 1923 163 2003 iacto,
202 1922 394 2010 inventoque
426 1942 524 2001 auro,
564 1918 651 2006 quod
680 1919 749 2006 ipse
776 1932 835 2005 per
861 1932 1009 2000 noctem,
1046 1924 1206 2010 corruptis

58 2010 174 2089 serris,
197 2007 427 2084 absconderat,
447 2004 638 2073 Palamedes
652 2003 807 2093 lapidibus
821 2004 1007 2071 interemtus
1020 2018 1078 2074 est.
1106 2009 1250 2076 Hancne

58 2106 164 2163 autem
186 2104 313 2163 constet
334 2094 432 2161 fuisse
452 2090 651 2182 prudentem.
694 2089 778 2156 Nam
807 2101 841 2158 et
864 2090 1004 2158 tabulam
1024 2091 1142 2160 invenit
1164 2096 1259 2172 ads,
1325 2136 1327 2141 .

60 2179 316 2268 comprimendas
346 2179 439 2245 otiosi
465 2178 639 2245 seditiones
665 2176 840 2257 exercitus,
873 2187 910 2242 ut
935 2176 1039 2262 Varro
1060 2191 1208 2247 testatur.

62 2264 250 2333 Secundum
276 2264 434 2354 quosdam
461 2265 532 2352 ipse
549 2262 693 2353 repperit
711 2260 852 2338 litteras3
880 2282 1036 2349 quaeres
1059 2265 1145 2332 sorte
1166 2268 1208 2334 sit
1260 2313 1264 2323 «

59 2352 167 2418 dubia.
210 2352 352 2420 'Pontum
368 2361 499 2418 certum
512 2359 573 2431 est,
593 2348 667 2440 pub
689 2346 754 2412 hoe
769 2369 841 2414 esse
854 2347 1013 2415 inventum
1029 2371 1103 2417 oum
1123 2353 1208 2440 aspi-

57 2439 190 2508 ratione.
561 2491 563 2495 .
883 2487 886 2494 ,
1212 2459 1249 2509 25

317 2576 320 2591 .
413 2518 509 2596 20l.
562 2518 840 2621 Nauplius.
959 2602 962 2608 ,

143 2649 328 2719 Palamedis
348 2661 455 2724 autem
475 2659 568 2739 pater
588 2646 760 2737 Nauplius,
789 2655 981 2738 Amymones
1009 2661 1044 2716 et
1063 2650 1206 2738 Neptuni

59 2737 160 2818 filius,
190 2737 245 2804 filii
271 2747 377 2804 morte
404 2735 531 2823 dolens,
560 2734 791 2802 revertentibus
813 2735 949 2803 Graecis
972 2745 1045 2823 post
1068 2735 1205 2805 deletam
1266 2794 1273 2819 ,

58 2822 191 2914 'Projam
213 2833 404 2912 tempestate
424 2821 659 2911 laborantibus,
688 2831 828 2888 montem
859 2821 1063 2908 Caphereum
1092 2846 1204 2890 aseen-
1267 2822 1274 2841 ”

58 2909 120 2990 dit,
143 2920 177 2976 at
199 2908 283 2974 elata
303 2909 408 2976 facula
429 2909 556 2995 signum
580 2905 670 2974 dedit
688 2905 778 2972 vicini
799 2916 931 2995 portos„
958 2906 1055 2974 Unde
1076 2908 1247 3000 deceptiso

57 2988 177 3062 Graeci
198 3016 258 3084 per
278 2994 412 3063 rimosus
434 2994 583 3083 scopulos
603 2991 764 3082 pertulere
786 2991 962 3080 naufragia.

362 3163 459 3240 202.
513 3164 892 3269 Agamemnon.

142 3296 251 3370 Quum
283 3295 402 3360 Graeci
432 3295 476 3361 ad
508 3294 652 3362 Aulidem
685 3297 859 3377 venissent,
894 3298 1113 3384 Agamemnon
1144 3296 1208 3386 rex
1278 3350 1287 3365 ..

56 3381 182 3446 Dianae
204 3403 329 3447 cervam
351 3376 468 3448 occidit
492 3381 635 3468 ignarus.
677 3382 774 3448 Unde
800 3384 881 3449 irata
908 3383 1003 3451 flatus
1035 3392 1201 3454 ventorum

57 3468 200 3534 removit
243 3468 461 3541 Quamobrem
496 3489 593 3555 quum
615 3491 675 3535 nec
696 3469 848 3556 navigare
869 3482 1015 3555 possent,
1044 3483 1077 3538 et
1104 3475 1242 3560 pesti-35

56 3551 184 3620 lentiam
198 3554 400 3632 sustinerent,
423 3553 566 3620 consulta
585 3553 717 3620 oracula
738 3555 901 3635 dixerunt,
923 3555 1202 3644 Agamemnonio

55 3638 234 3727 sanguine
252 3638 467 3725 placandam
491 3662 563 3703 esse
583 3639 753 3705 Dionem.
802 3641 896 3728 Ergo
917 3663 1015 3729 quum
1035 3643 1076 3708 ab
1098 3643 1201 3726 Ulixe,

54 3725 109 3812 qui
138 3735 210 3792 erat
236 3724 465 3806 astutissimus,
500 3746 559 3811 per
590 3726 770 3829 nuptiarum
799 3726 1029 3793 simulationem
1061 3727 1202 3797 abducta

53 3810 241 3898 lplrigenia,
263 3811 509 3898 Agamemnonis
530 3810 611 3891 filia,
639 3832 701 3901 pam
724 3811 915 3880 immolanda
934 3824 1036 3893 esset,
1063 3817 1199 3882 numinis
1228 3828 1230 3833 ’

54 3897 259 3963 miseratione
286 3897 411 3965 sublata
438 3908 502 3976 est,
536 3908 569 3964 et
595 3920 690 3963 cerva
712 3899 893 3986 supposita,
926 3912 960 3967 et
980 3901 1132 3969 translata
1154 3902 1195 3969 ad
1204 3919 1239 3967 to

28 3983 230 4049 ‚Tauricam
258 3984 440 4070 regionem,
473 3983 545 4070 regi
572 3983 714 4052 'Phaonti
741 3985 857 4051 tradita
884 3995 951 4066 est,
984 3988 1200 4076 sacerdosque

54 4070 141 4136 lacta
170 4070 351 4160 Dictynnae
379 4068 512 4136 Dianae.
566 4072 804 4156 Agamemnone
830 4080 935 4138 autem
965 4070 1067 4162 'Proja
1093 4097 1198 4139 rever-

53 4164 162 4236 tente,
192 4152 429 4245 clytemnestra
457 4176 537 4222 uxor
556 4155 625 4245 ejus
654 4156 768 4223 obtulit
796 4156 825 4222 ei
846 4166 965 4223 vestem
989 4157 1056 4223 sine
1075 4161 1199 4248 capitio.

53 4242 162 4316 Quam
184 4263 285 4330 quum
303 4242 438 4311 iuduere
465 4240 575 4324 vellet,
599 4252 639 4324 ,et
665 4241 814 4330 capitium
836 4263 899 4309 uon
919 4241 1060 4311 iuvenire
1079 4257 1198 4335 posset,
