2684 4606
89 88 218 221 eo
447 100 724 249 'umagen
778 142 998 221 arr-so:
1128 90 1137 109 ⁶

366 302 370 312 ι
585 330 653 406 87.
707 330 888 409 0rista..

252 477 379 559 Orien,
420 489 531 570 pastor
559 480 665 548 Oenei
695 482 804 571 regis,
842 506 941 573 quum
973 479 1095 550 rideret
1125 504 1298 579 captumst

163 585 271 655 grege
290 565 416 655 saepius
437 564 672 647 discedentem,
695 589 768 636 eum
790 585 939 652 secutus,
968 591 1060 655 uram
1078 568 1299 658 depascentem

162 652 282 720 invenit
309 652 341 717 in
361 651 438 739 {ripa
457 652 589 719 Acheloi
618 652 772 722 fluminis:
802 678 909 743 quam
927 653 1033 722 statim
1059 657 1237 743 expressit,
1263 678 1298 725 ac

138 737 208 809 ode
236 760 320 841 aquo
340 737 470 804 Acheloi
493 738 648 821 fluminis,
675 739 765 825 juxta
789 764 884 829 quem
909 742 1016 808 fuerat
1043 740 1187 823 iurante,
1216 746 1309 809 com-¹

161 825 306 903 miscuit,
344 823 522 911 obtulitque
548 825 638 912 regi,
673 825 726 912 qui
755 848 814 893 suo
844 827 970 894 nomine
999 827 1130 895 Graeco
1156 848 1300 899 emmone.

163 913 276 992 ciros,
305 908 339 975 id
361 920 411 978 est
432 910 552 993 vinum,
580 909 755 1000 appellavit

163 1130 232 1253 88.
285 1132 449 1241 Liber,
471 1102 688 1239 Silenus,
725 1132 872 1209 Midas
902 1105 1051 1208 rex‘et
1082 1131 1298 1235 Pactolus

636 1236 825 1315 fluvius,
910 1298 913 1303 ,

121 1395 158 1445 to
247 1383 363 1464 Liber,
391 1380 533 1450 'l'hracia
559 1378 742 1469 digressus,
771 1406 868 1474 quum
895 1382 928 1448 in
957 1382 1075 1451 Tmolo
1102 1395 1215 1455 monte
1240 1387 1298 1456 iter

161 1492 181 1535 a
209 1481 296 1552 eret,
337 1468 484 1548 Silenus,
526 1469 662 1536 nutritor
689 1470 777 1582 eius,
819 1495 839 1539 a
871 1468 1055 1558 Phrygibus
1087 1483 1221 1560 captus,
1257 1472 1297 1541 ad

93 1597 96 1607 ι
206 1554 279 1621 dam
309 1577 421 1644 regem
450 1552 566 1621 ductus
594 1567 651 1621 est
701 1557 825 1622 bilenus
852 1567 980 1636 eutem,
1019 1556 1148 1645 agnitus
1177 1560 1221 1625 ab
1248 1580 1296 1639 eo,

160 1654 313 1731 acceptus
330 1654 389 1721 est,
408 1653 441 1708 et
459 1641 579 1706 Libero
598 1640 776 1709 advenienti
795 1639 947 1708 redditus.
988 1641 1034 1710 Et
1050 1644 1092 1708 ob
1110 1642 1296 1711 heneficium

117 1759 121 1771 ·
160 1751 180 1792 o
203 1729 281 1795 tanti
306 1727 385 1794 deus
412 1726 576 1794 arbitrium
596 1727 626 1792 ei
649 1724 755 1806 dedit,
784 1728 811 1793 si
836 1724 912 1815 quid
941 1725 1051 1805 vellet,
1077 1731 1155 1795 'ase
1176 1743 1296 1819 petere.

119 1751 216 1881 inllle
244 1836 320 1880 vero
347 1813 446 1903 petit,
473 1825 524 1891 ut,
555 1833 639 1901 quae
661 1813 864 1900 contigisset,
893 1833 1005 1877 aurum
1026 1815 1150 1882 fierent.
1189 1816 1297 1892 ¹Quod

158 1898 266 1966 inutile
299 1900 367 1968 luit.
430 1898 516 1965 Nam
548 1897 657 1986 coepit
687 1899 737 1964 sui
768 1898 833 1966 voti
867 1898 990 1964 effectu
1015 1901 1179 1983 tonuerit
1222 1904 1296 1991 quia

158 1984 311 2074 quiequid
338 1984 510 2070 tetigerat,
539 2005 651 2051 aurum
680 1985 784 2053 statim
811 1982 1019 2052 efficiebatur.
1067 1923 1135 2053 hui
1153 1990 1295 2076 'petenti

157 2083 195 2138 ut
228 2071 452 2139 restitueretur
483 2068 563 2152 sihi,
606 2067 690 2137 fecit.
758 2068 858 2137 Jussit
888 2069 990 2151 enim,
1031 2080 1067 2139 ut
1100 2071 1143 2138 ad
1176 2074 1296 2141 flumen

155 2156 327 2224 Pactolum
356 2154 550 2245 perveniret,
585 2155 638 2220 cui
665 2177 701 2222 se
729 2176 789 2245 sup
812 2165 941 2235 oneret,
977 2168 1010 2224 et
1038 2158 1086 2224 sio
1112 2155 1235 2227 rediret
1264 2160 1295 2227 iu

114 2262 151 2312 20
158 2243 322 2330 pristinum
355 2252 480 2309 statum.
539 2242 613 2316 Quo
648 2239 752 2323 facto,
790 2181 947 2309 l’actolus
993 2241 1144 2331 deinceps
1182 2266 1295 2315 arenae

156 2336 271 2396 aureas
297 2329 427 2398 trahere
454 2325 580 2410 dicitur.

472 2546 541 2622 89.
594 2545 660 2620 Da
684 2481 790 2619 ortu
824 2544 975 2616 Panis.

240 2695 323 2761 Post
346 2706 481 2762 mortem
503 2692 602 2760 [llinis
621 2691 798 2757 Mercurius
821 2713 894 2757 cum
916 2708 1016 2757 uxore
1037 2686 1106 2778 ejus
1128 2678 1300 2783 Penelope.

155 2782 347 2862 concubuit3
378 2804 461 2871 quae
488 2779 547 2845 sibi
570 2778 662 2866 juxta
688 2775 840 2864 oppidum
861 2777 1012 2865 'l'egeam
1032 2775 1158 2865 peperit
1177 2778 1289 2863 filium,

112 2867 224 2934 copon
247 2869 381 2935 nomine
425 2864 518 2933 Unde
544 2876 577 2929 et
595 2864 751 2949 Tegeeus
775 2861 898 2931 dicitur.

600 3092 668 3168 90.
702 3099 838 3209 Pan.

238 3254 309 3320 Pan
349 3271 445 3338 quum
485 3246 654 3327 Tmolum,
699 3259 837 3313 montem
876 3237 1022 3337 Lydiae,
1072 3248 1290 3337 frequentans,

152 3339 257 3408 fistula
280 3362 316 3405 se
337 3336 531 3414 oblectaret,
553 3332 732 3422 ‘Apollinem
753 3334 783 3397 in
804 3344 964 3400 certamen
990 3336 1150 3415 evocavit,
1174 3334 1290 3424 judice

152 3428 278 3494 Tmolo.
308 3424 422 3509 Itaque
436 3442 532 3508 quum
547 3416 677 3507 Apollini
701 3419 830 3487 victoria
854 3430 939 3487 esset
960 3418 1158 3507 adjudicata,
1179 3423 1290 3489 Midae

109 3514 222 3600 soregi
251 3507 407 3577 adsidenti
435 3507 491 3572 soli
517 3504 682 3594 displicuit.
726 3506 830 3581 Quam
853 3508 895 3572 ob
919 3528 1047 3573 causam
1071 3506 1157 3575 deus
1187 3509 1288 3577 iratus

151 3621 244 3666 aures
278 3595 346 3685 ejus
378 3593 512 3659 asininas
546 3592 629 3659 fecit
691 3591 748 3658 llle
777 3591 914 3659 criminis
945 3592 994 3660 sui
1023 3606 1131 3661 notam
1165 3595 1288 3663 tonsori

149 3698 273 3755 tantum
301 3678 455 3770 ostendit,
487 3678 683 3767 praecipiens
712 3678 757 3759 ei,
789 3688 841 3757 ut,
870 3679 896 3744 si
923 3679 1040 3745 crimen
1066 3680 1133 3770 ejus
1156 3681 1287 3761 celaret,

150 3770 336 3859 participem
359 3788 431 3831 eum
451 3765 551 3853 regui
574 3766 728 3832 efficeret.
777 3764 834 3829 llle
853 3775 971 3831 terram
996 3764 1093 3840 fodit,
1123 3777 1156 3833 et
1177 3790 1287 3835 secre-

150 3872 216 3924 tum
249 3852 365 3920 domini
400 3850 448 3917 sui
479 3852 511 3917 iu
545 3849 675 3918 defosso
712 3863 819 3918 terrae
857 3850 951 3929 dixit,
988 3860 1023 3918 et
1051 3851 1185 3938 operuit.
1245 3854 1287 3919 ln

108 3942 266 4020 35eodem
287 3941 358 4005 loco
381 3938 521 4005 calamus
542 3950 592 4004 est
614 3947 722 4015 natus,
751 3935 837 4001 unde
857 3934 917 4003 sihi
938 3946 1047 4024 pastor
1067 3937 1176 4004 tibiam
1197 3937 1286 4019 fecit,

151 4050 244 4117 quae,
263 4049 359 4116 quum
372 4024 617 4113 percutiebatur,
630 4022 772 4090 dicebat:
794 4021 898 4087 Micio
918 4042 981 4085 rex
1000 4043 1104 4085 aurea
1121 4023 1286 4089 asininae

149 4111 262 4189 leniet.
312 4111 454 4189 Quidam
482 4111 631 4193 tradunt,
665 4130 729 4175 uon
756 4108 899 4190 Panem,
929 4105 989 4175 sed
1016 4106 1180 4197 Marsyam
1208 4130 1286 4177 cum

138 4200 291 4284 Apolline
315 4210 465 4268 certasse.
