2684 4606
208 184 221 198 ‘
434 184 724 271 recantarunt.
763 186 766 197 “
1122 195 1188 251 aar

48 367 289 455 uominaxnon
322 361 445 451 affert,
481 371 521 433 ut
555 359 682 433 Isidori
721 357 967 458 Hispalensis,
1008 386 1080 434 non
1111 376 1188 437 esse
1263 366 1266 373 ’

10 474 14 479 “
49 468 242 558 fortuitum,
262 489 383 535 omnes
403 462 784 563 aequi1harumrerum
802 459 943 560 judiees
969 464 1083 535 statim
1109 491 1189 563 per·

50 571 212 669 spiciunt.
273 566 393 656 Quum
410 591 511 635 nova
542 563 649 662 hujus
682 562 1079 661 scriptoris'voeabula‚
1099 579 1202 667 tum
1305 578 1309 583 '

49 695 202 769 eaquae
226 667 502 745 interiorisaevi
535 677 652 737 notam
681 678 764 763 prae
793 692 831 737 se
860 665 996 758 terunt,
1023 680 1218 767 exparte,

50 802 86 845 ru
105 771 257 842 indicem
281 768 437 866 conjeci3
467 766 568 865 plura
594 767 743 866 denique
768 769 920 841 innotis
949 770 1077 842 criticis
1108 796 1188 844 exa·
1315 804 1319 819 ¹

50 873 170 975 pitavi.
225 871 367 962 Quibus
392 869 538 969 singulis
563 871 746 943 momentis
772 869 809 940 in
835 898 943 941 unum
975 871 1130 943 collectis
1156 883 1192 946 et

39 978 115 1047 'rite
149 975 331 1072 perpensis
374 999 445 1043 non
483 969 604 1044 dubito
639 972 725 1069 quin
760 970 1038 1072 mythographus
1069 977 1192 1049 tertius

52 1076 281 1177 scriptoribus
305 1072 438 1147 saeculi
461 1072 521 1149 lx
546 1070 604 1146 ¹uel
624 1074 665 1146 Χ
685 1075 730 1146 sit
754 1074 1004 1147 accensendus.

153 1212 448 1321 Observationes,
496 1253 586 1327 quas
629 1225 713 1301 lruic
746 1228 876 1327 triplici
910 1231 1007 1327 operi
1042 1229 1193 1330 adjicere

54 1336 314 1422 constitueram,
338 1330 505 1429 abruptae
531 1341 612 1403 sunt
635 1332 673 1401 in
698 1329 815 1405 fabula
831 1328 883 1403 12
898 1330 1143 1431 mythographi
1157 1335 1190 1407 Ι.

54 1438 96 1508 11
112 1436 200 1509 mihi
207 1434 402 1509 suadebant
412 1435 562 1506 rationes
573 1430 718 1523 librarii,
738 1435 800 1530 qui
815 1433 879 1507 hos
896 1434 982 1505 mihi
995 1435 1194 1508 chartarum

54 1541 220 1611 terminos
244 1538 527 1636 praescripserat.
581 1530 766 1608 Caeterum
794 1536 899 1634 pauci
932 1537 990 1607 isti
1015 1538 1194 1610 erro'resa
1224 1614 1228 1622 ,

10 1626 16 1736 l
55 1640 237 1739 typothcta
258 1639 318 1711 hic
342 1638 415 1709 illic
440 1638 477 1708 in
497 1634 732 1733 exprimenda
760 1637 1093 1736 mpthograplrorum
1117 1665 1195 1712 ora·

10 1744 13 1849 l
56 1747 148 1817 tione
174 1743 370 1832 commissi,
398 1742 436 1811 in
461 1741 553 1812 notis
577 1740 705 1812 criticis
729 1739 999 1817 emendavimus·

10 1864 15 1987 l
155 1868 265 1964 Quod
297 1869 341 1941 ad
367 1869 650 1970 orthographiam
672 1870 814 1962 attinet,
834 1868 908 1951 ,dtu
933 1898 990 1943 me
1010 1871 1205 1946 sollicitum

58 1976 167 2048 tenuit
188 1968 277 2044 ratio
304 1972 413 2071 Maji‚
445 1975 506 2071 qui
529 1973 667 2046 codices
692 1998 776 2044 suos
800 1970 847 2044 ad
871 1972 1020 2047 litteram
1043 1976 1117 2047 fere
1136 2001 1198 2048 ex·

10 2092 16 2167 l
59 2080 223 2175 pressisse
252 2074 411 2167 videtur²
453 2101 561 2173 quum
576 2098 579 2111 ’
596 2074 641 2147 de
669 2076 863 2173 scriptulae
902 2080 1093 2149 constantia
1122 2088 1199 2150 tum

59 2181 100 2251 de
124 2177 314 2251 verborum
338 2179 465 2277 etpmis
487 2180 629 2250 omuino
654 2202 811 2249 securus.
865 2176 978 2277 Cujus
1009 2181 1059 2250 rei
1088 2178 1198 2251 ambi·
1307 2226 1325 2278 ¹,

60 2283 224 2380 guitatcm
248 2300 251 2305 ·
271 2290 351 2377 post
393 2280 596 2376 impressam
636 2277 971 2379 mytbographorum
1008 2282 1199 2355 orationem
1261 2321 1265 2325 ·

61 2387 133 2480 ipse
158 2382 270 2456 sensit
290 2380 402 2453 editor
421 2384 460 2455 in
483 2381 554 2454 tine
578 2381 764 2454 voluminis
783 2384 898 2474 tertii,
923 2381 984 2454 ubi
1010 2385 1085 2454 “In
1112 2372 1199 2455 vati-⁴
1309 2434 1313 2443 -

63 2511 228 2557 canorum
271 2482 606 2582 mythographorum
637 2482 840 2576 codicibus,
880 2487 1015 2583 inquit,
1060 2487 1201 2559 nomina
1316 2550 1320 2571 ,

63 2587 265 2685 pracsertim
299 2589 440 2683 propria
473 2587 733 2683 corruptissima
775 2595 878 2678 sunt,
919 2612 1008 2683 quae
1036 2589 1102 2659 etsi
1134 2613 1201 2686 ego

64 2689 227 2787 ploraque
261 2689 396 2760 correxi
431 2686 487 2787 (et
520 2688 629 2786 plima
658 2688 820 2788 profecto
849 2691 1060 2787 ccmipeadc
1089 2702 1201 2763 recta·

67 2790 218 2892 tiarati),
256 2790 382 2861 menda
416 2798 533 2862 tamen
568 2790 700 2888 aliquot
731 2790 768 2860 in
809 2789 993 2863 editionem
1032 2793 1201 2864 transisse
1327 2796 1333 2813 ¹

67 2894 177 2966 video.
232 2890 360 2964 Scribe
384 2894 492 2990 igitur
512 2890 633 2965 Aetna
657 2917 723 2989 pro
747 2888 913 2986 Aetlma3
939 2893 1112 2965 Diciinna
1136 2918 1202 2990 pro

68 2994 248 3094 dictynna
275 2990 295 3091 (
295 2990 349 3066 At
384 3019 470 3086 eur,
505 2992 705 3096 macecol),
740 2992 987 3091 Hippodamia
1018 3022 1083 3093 pro
1107 2995 1202 3093 Hip·
1250 3086 1254 3091 Ι

66 3099 217 3194 podamc
245 3092 421 3193 (Minime
455 3122 538 3168 vero
549 3125 562 3189 ,·
587 3097 679 3178 ,uide
709 3094 831 3195 notae)
843 3123 856 3190 3
895 3095 1107 3194 Nyctimene
1139 3123 1204 3192 pro

68 3199 309 3299 Nyctyrnene3
336 3196 607 3296 Ocraopionpro
632 3197 825 3294 Enopion3
845 3196 1114 3297 Polynicer'pro
1128 3198 1204 3271 Po·

10 3340 12 3353 ·
71 3300 217 3395 linicec3
252 3298 426 3372 Proelia-ie
461 3326 528 3398 pro
557 3299 708 3373 Procris
748 3294 853 3399 (Non
886 3301 990 3372 uideo
1022 3301 1201 3397 causum);
1248 3360 1254 3381 ,

10 3429 15 3470 ι
51 3402 216 3501 'Tydeus
249 3426 315 3500 pro
362 3400 526 3493 Tideus.
578 3401 669 3473 Item
706 3426 787 3499 pag.
819 3398 869 3491 8,
895 3397 947 3472 41
972 3428 1064 3474 corr.
1094 3401 1205 3474 Pelo·

10 3544 16 3557 ·
70 3505 226 3599 pcnnesa‘.
255 3546 309 3559 -
357 3504 405 3575 Ρ.
435 3501 508 3594 15,
538 3501 594 3575 28
626 3501 785 3599 Mycono
821 3503 1024 3604 Gyaroque.
1054 3547 1104 3562 -
1154 3505 1203 3579 P.

10 3655 17 3673 .
75 3602 141 3697 17,
171 3604 230 3679 25
270 3630 423 3678 nouerca
462 3605 594 3701 absque
633 3607 834 3677 necessitate
867 3608 1048 3700 inseritur3
1086 3607 1208 3679 confer

13 3760 19 3773 .
75 3708 160 3779 enim
184 3706 300 3808 myth.
324 3706 383 3779 111
406 3717 508 3780 tract.
533 3707 623 3799 XV,
645 3702 683 3778 1.
709 3747 755 3761 --
783 3728 793 3754 ·’
807 3708 855 3778 Ρ.
873 3705 943 3800 20,
965 3705 1021 3779 55
1051 3720 1207 3805 potesta·

10 3834 23 3878 c
76 3819 151 3881 tem.
174 3850 227 3866 —-
277 3810 326 3883 P.
360 3806 438 3902 57,
469 3807 497 3880 2
530 3809 722 3909 Pdlepyos.
759 3849 809 3863 -
859 3810 907 3880 P.
942 3805 1012 3900 50,
1040 3808 1090 3881 21
1116 3812 1208 3883 Dia-

10 3941 25 3980 ι·
77 3936 138 3983 nae
162 3936 257 3985 corr.
286 3904 451 3985 Danais?
474 3953 524 3968 -
574 3910 623 3984 P.
651 3908 720 4005 56,
750 3907 801 3982 16
822 3911 979 4000 uirentis,
1005 3911 1209 3985 Lactantius

10 4036 27 4084 a
79 4012 143 4086 lab.
179 4012 277 4086 ovid.
306 4011 380 4105 lib.
415 4013 477 4106 X,
506 4011 534 4086 1
572 4013 670 4085 addit
703 4015 843 4086 aetatis
883 4052 931 4069 -
983 4015 1030 4085 Ρ.
1065 4011 1141 4105 60,
1182 4011 1210 4086 6

80 4116 292 4215 catinpueret
326 4134 424 4186 corr.
447 4126 653 4215 exterperet.
682 4157 733 4171 --
785 4113 860 4202 76,
893 4110 944 4188 15
977 4113 1207 4215 Arpinumne.

10 4240 34 4288 u
82 4256 121 4275 -
171 4218 220 4291 P.
251 4212 423 4315 121,12
445 4215 569 4289 lmen.
597 4259 650 4275 -
700 4218 746 4290 P.
777 4213 857 4289 195
880 4243 916 4287 ιι.
947 4214 1212 4290 tadaodele
