2684 4606
147 187 229 265 aaa
425 181 609 287 myrhope
635 183 690 259 n.
744 179 893 261 ms-
915 180 1090 300 aaa„

149 372 190 439 ab
219 367 373 456 Aegistho
400 364 562 448 adultero,
591 366 743 456 Thyestis
771 377 805 435 et
828 367 984 457 Pelopiae
1005 366 1088 434 filiae
1110 389 1191 435 suae
1211 380 1292 443 nato,

150 455 276 523 occisus
305 465 371 538 est3
405 476 501 539 quem
530 465 644 542 postea
663 453 817 534 Orestes,
839 456 945 541 'quum
967 453 1177 537 adolevisset,
1207 455 1294 521 simul

152 565 225 610 cum
261 553 364 607 matre
396 539 630 627 Clytemnestra
663 537 695 603 in
728 538 878 606 ultionem
909 542 1007 627 patris
1035 540 1163 609 occidit.
1223 542 1292 615 ero

28 662 31 667 >
151 626 281 695 crimine
303 648 399 714 quum
420 626 451 688 in
473 626 641 692 amentiam
667 646 775 691 versus
803 627 1011 705 surrexisset,
1044 627 1138 693 amici
1167 625 1292 716 Pyladis

126 714 289 793 amonitu,
331 711 372 777 ad
407 709 569 778 evitandas
604 710 721 777 Furias
757 711 907 796 templum
942 711 1089 778 Aollinis
1121 713 1319 798 ingressus·

154 822 253 888 quum
272 795 365 864 vellet
386 796 491 876 exire,
513 797 694 862 invaserunt
714 818 788 863 eum
808 797 937 864 Furiae.
969 737 1056 863 flius
1076 808 1146 864 est:
1170 798 1292 863 Sedent

151 884 296 949 ultrices
316 881 355 945 ia
378 881 501 946 limine
522 881 634 947 dirce.
665 881 772 956 Quum
793 904 868 948 vero
893 885 939 950 als
955 882 1078 949 insania
1099 904 1215 949 cavere
1235 906 1292 949 non

151 980 277 1059 posset,
309 965 474 1032 oraculum
495 965 582 1033 adiit.
624 965 688 1033 Oui
710 987 896 1065 responsum
926 979 992 1048 est,
1021 968 1072 1032 sic
1095 992 1175 1033 eum
1200 991 1293 1055 posse
1327 1000 1333 1017 a

150 1053 293 1130 sanari,
320 1053 353 1116 si
373 1051 516 1115 Dionae
538 1051 720 1139 Scythicae
743 1053 972 1133 semiclausum
997 1052 1040 1117 de
1065 1052 1221 1118 Taurica
1242 1076 1294 1117 re-

111 1166 147 1214 10
181 1139 257 1201 ione
271 1137 400 1223 ferret.
451 1136 528 1202 Mox
558 1159 655 1223 quum
679 1135 812 1203 curandi
831 1138 947 1204 furoris
970 1139 1076 1224 gratie
1099 1160 1174 1204 cum
1195 1139 1292 1205 amico
1326 1112 1333 1215 f

45 1308 48 1313 Δ
151 1161 277 1311 f'ylade
309 1219 449 1288 Colchos
480 1232 621 1310 peteret,
661 1244 682 1288 a
719 1243 832 1307 sorore
860 1223 1006 1310 agnitus,
1038 1224 1108 1313 ejus
1141 1246 1293 1291 consensu
1329 1264 1333 1305 ¹.

57 1310 64 1317 ’
154 1309 262 1374 occiso
284 1329 367 1394 rege
382 1308 549 1383 Thoante,
584 1306 785 1374 simulacrum
813 1310 938 1376 sustulit
962 1310 1187 1389 absconditum
1210 1310 1294 1376 fasce
1330 1334 1333 1391 ;

153 1395 314 1481 lignorum
337 1392 441 1479 (unde
462 1404 495 1460 et
510 1392 668 1459 choelie
683 1393 809 1477 dicitur,
828 1417 892 1460 non
915 1405 1036 1464 tuntum
1058 1419 1077 1462 a
1101 1394 1196 1477 face,
1226 1418 1292 1461 eum

155 1504 219 1570 qua
240 1480 397 1568 pingitur,
419 1477 477 1545 sed
497 1488 530 1545 et
551 1501 571 1544 a
591 1476 688 1558 fasce
708 1478 906 1567 lignorum),
928 1480 1018 1549 etad
1039 1478 1161 1549 Italiam
1176 1480 1293 1561 detulit,

112 1587 148 1637 15
157 1566 315 1633 collocans
336 1566 368 1631 in
390 1585 520 1629 nemore
546 1563 683 1630 Aricino.
726 1564 794 1632 Sed
815 1589 913 1654 quum
934 1577 1049 1655 postea
1070 1567 1227 1633 Romanis
1247 1592 1292 1633 su·
1331 1614 1333 1623 .

154 1674 283 1719 crorum
306 1648 476 1717 crudelitas
500 1648 696 1737 displiceret,
725 1673 917 1747 quamquam
946 1653 1027 1726 servi
1049 1652 1293 1732 immolarentur,
1331 1708 1333 1731 ,

154 1736 197 1804 ad
223 1738 373 1804 Laconas
403 1746 453 1802 est
479 1734 647 1814 translata,
679 1734 787 1824 ibique
810 1739 959 1805 sacrificii
987 1737 1190 1805 consuetudo
1220 1739 1295 1805 edo-.
1317 1744 1333 1803 ,ὲ

95 1828 98 1833 ’
153 1823 328 1890 lescentum
355 1820 540 1887 verberibus
569 1820 773 1903 servabatur,
802 1824 857 1912 qul
879 1824 1076 1891 vocabuntur
1096 1826 1294 1912 βωμονίκαι.
1318 1798 1333 1903 ,f

154 1909 201 1975 Hi
231 1909 352 1975 tamdiu
379 1904 644 1997 flagellabantur,
676 1903 782 1974 donec
808 1931 904 1975 cruor
931 1933 971 1976 en
1000 1909 1141 1976 humano
1162 1932 1294 2001 corpore
1329 1918 1333 1989 ξ

51 2026 56 2033 ,
112 1994 281 2066 aaflueret
323 1991 524 2080 Superpositi
552 1990 634 2056 enim
657 1992 719 2058 aris
741 1994 996 2085 contendebant,
1028 1995 1082 2083 qui
1109 1995 1204 2101 plura
1229 2016 1295 2063 ver-
1324 2010 1333 2063 l

156 2082 234 2145 bera
256 2091 385 2168 possent
404 2076 571 2145 sustinere.
613 2078 738 2145 Orestis
758 2101 833 2146 vero
853 2090 952 2161 osse,
970 2083 1011 2149 ab
1033 2080 1140 2150 Arima
1161 2082 1294 2151 &mum
1331 2086 1333 2091 ’

155 2165 326 2247 translata,
348 2176 424 2232 unte
443 2162 595 2253 templum
618 2163 747 2251 Saturpi
769 2177 842 2235 srrnt
861 2168 976 2256 posita.
1323 2156 1328 2171 ¹

384 2336 481 2412 205.
542 2339 765 2441 «Iuppiter
800 2356 843 2419 et
879 2339 1067 2445 Aegina,

242 2469 407 2560 Juppiter,
428 2469 460 2535 iu
494 2469 629 2556 aquilam
663 2480 819 2549 mutatus,
840 2471 1014 2558 Aeginam,
1036 2469 1135 2557 Asopi
1162 2470 1296 2538 fluminis
1328 2442 1333 2493 A

116 2557 270 2637 25liliam,
301 2556 424 2645 rapuit;
461 2567 495 2622 et
515 2578 586 2622 eam
607 2554 732 2636 vitians,
767 2557 864 2623 lilium
885 2557 1012 2622 nomine
1036 2559 1177 2624 Aeacum
1199 2580 1241 2623 ex
1259 2579 1296 2623 ea
1327 2550 1333 2579 ³

158 2642 308 2732 suscepit.
352 2643 458 2717 Quam
487 2653 611 2728 raptam
629 2664 727 2730 quum
750 2655 840 2729 peter
861 2665 965 2731 aequo
995 2643 1100 2709 animo
1129 2642 1217 2709 serre
1237 2664 1296 2707 non

98 2728 101 2735 ’
157 2744 284 2819 posset,
306 2730 392 2798 omni
412 2749 607 2816 aquaruma
634 2729 718 2793 mine
747 2727 869 2795 caelum
901 2728 1048 2817 petebat,
1082 2728 1155 2795 Jovi
1183 2727 1295 2795 bellum
1329 2732 1333 2797 ἶ

156 2818 306 2883 inferens.
358 2817 433 2889 Quo
468 2814 573 2893 facto,
607 2749 695 2879 iovis
725 2812 854 2881 fulmine
889 2837 1059 2903 percussus
1090 2825 1148 2880 est
1197 2812 1295 2881 Cu'us
1330 2802 1333 2857 7

157 2902 307 2970 infamiae
346 2898 499 2968 memorie
530 2909 566 2964 ut
584 2898 618 2964 in
646 2910 811 2967 aeternum
848 2910 1008 2979 maneret,
1042 2897 1159 2966 dicitur
1187 2838 1333 2981 hodie„

118 2988 212 3064 soillo
233 3001 397 3078 tempore,
418 3008 482 3074 quo
503 2983 586 3051 ictus
608 2995 675 3065 est,
706 2987 815 3074 pruuls
836 2985 1021 3054 ardentibus
1041 2987 1154 3052 fluere.

519 3219 522 3227 .
553 3155 651 3231 204.
705 3155 900 3235 Aeacus.
1328 3200 1333 3297 p

245 3290 385 3365 Aeacus,
416 3285 497 3353 filius
517 3287 604 3354 Jovis
627 3297 660 3354 et
677 3286 820 3375 Aeginae
840 3284 1002 3373 Asopidis,
1026 3309 1123 3375 quum
1144 3290 1297 3377 Aeginam
1329 3308 1333 3367 t

159 3374 293 3443 insulam
308 3373 480 3453 incoleret,
502 3384 534 3439 ct
555 3396 688 3458 gravem
700 3372 919 3525 pestilentium
939 3375 959 3437 J
964 3376 1074 3440 unouis
1095 3376 1144 3441 ira
1165 3378 1299 3443 sustine·
1320 3388 1333 3441 t

160 3474 228 3538 ret,
258 3460 408 3548 precibus
430 3459 679 3525 misericordiam
722 3459 788 3525 ovis
806 3456 992 3547 impetravit.
1034 3460 1142 3535 Quum
1163 3461 1299 3529 enimin
1320 3456 1326 3469 '

119 3562 155 3612 35
163 3551 279 3615 arbore
296 3545 349 3611 fici
371 3545 537 3626 formicas,
559 3544 592 3610 id
622 3556 672 3612 est
692 3539 890 3633 μύρμηκας,
922 3544 1067 3624 vidisset,
1101 3547 1222 3635 optavit
1242 3546 1326 3613 sibi'

161 3646 211 3701 tot
240 3631 345 3700 socios
375 3631 509 3696 evenire.
563 3630 609 3698 Et
637 3631 742 3698 statim
772 3628 925 3696 formicae
955 3631 987 3695 in
1017 3631 1160 3699 homines
1189 3642 1323 3699 sersue'

162 3733 253 3801 sunt;
276 3715 362 3783 unde
384 3716 460 3783 dicti
482 3729 556 3784 sunt
585 3714 877 3806 Myrmidones.
928 3717 1002 3783 Hae
1036 3727 1143 3785 autem
1172 3717 1333 3833 fabulaep

161 3818 243 3875 sunt.
286 3801 354 3870 Sed
375 3825 484 3871 verum
506 3814 572 3885 est,
594 3802 809 3892 Myrmidones
827 3800 930 3869 dictos
953 3825 972 3869 a
993 3825 1075 3891 rege
1089 3803 1300 3894 Myrmidoue.

312 4074 315 4081 .
430 3966 545 4084 905.Ι
588 4008 755 4082 Peleus
784 4016 830 4081 et
856 4007 1034 4083 Thetis.

119 4173 156 4221 40
255 4146 362 4221 Quum
389 4139 536 4230 Juppiter
565 4135 655 4205 vellet
684 4133 874 4215 Thetidem,
906 4135 1126 4226 Nympharum
1158 4104 1327 4221 matrem,¹

154 4233 300 4315 ducere,
324 4231 389 4299 feta
408 4225 657 4316 prohibuerunt,
678 4245 717 4293 eo
739 4219 826 4311 quod
847 4221 970 4310 proles,
991 4244 1075 4310 quae
1104 4236 1302 4301 nasceretur,

183 4542 310 4580 Α
405 4548 416 4559 .
