2684 4606
360 192 626 300 halogan.
660 153 887 273 u-hs,
939 144 941 151 Α
1002 267 1006 275 ,
1099 199 1198 320 99

1038 336 1056 376 ·
1093 336 1096 342 .

58 381 164 469 probe
184 394 267 470 opus
289 401 381 448 suum
403 380 565 449 Minervae
586 382 797 476 praetulisset,
820 396 852 451 et
879 384 950 449 eam
967 382 1103 452 lanificio
1124 409 1201 475 pro-
1253 467 1258 474 ¹

55 478 223 548 vocasset,
246 490 265 532 s
288 467 431 532 Minerva
451 467 482 532 ln
507 490 645 535 vermem
667 470 713 535 sui
739 469 887 547 nominis,
909 467 1011 537 idest
1031 493 1201 538 araneam

55 574 234 632 conversa,
266 552 381 640 laqueo
421 552 535 620 vitam.
557 554 663 621 linivit.
719 554 814 620 Unde
850 566 952 621 semet
985 578 1100 643 opere,
1135 580 1199 644 quo

56 639 236 724 gaudebat,
255 636 433 726 fatigando,
454 661 562 707 casses
583 641 615 705 in
634 639 697 735 alto
713 661 840 727 semper
858 640 1008 707 inutiliter
1026 642 1199 731 suspendit.
1228 675 1253 710 ¹.

481 803 546 879 71.
601 806 778 880 Niobe.
836 818 838 825 ’
1007 792 1012 801 ’
1120 878 1124 890 ,
1180 847 1228 896 ·5.

143 929 270 1014 usone,
297 928 427 1000 uantur
458 930 505 996 va
535 932 662 1024 Pelopis
692 934 773 1013 atta,
812 916 892 1001 uxor
921 934 1122 1027 Amphionis,
1155 943 1199 1009 ‹u›

58 1016 258 1087 insolentiam
287 1029 399 1107 partus
410 1040 425 1096 ,f
446 1017 598 1105 Apollinis
626 1042 666 1085 ac
695 1010 965 1105 Dianaednumen
989 1037 1121 1112 caperta
1143 1037 1200 1104 est.

60 1101 146 1170 Nam
175 1126 273 1192 quum
303 1124 341 1169 ex
372 1106 428 1167 Am
453 1103 549 1196 hicne
570 1119 694 1194 septem
716 1102 939 1175 filiis'lotidem
963 1130 1005 1175 ue
1027 1112 1200 1199 virginibus
1258 1116 1279 1187 .’

60 1189 155 1258 editis
177 1190 327 1258 comitata
347 1209 413 1275 gau
440 1189 527 1269 eret',
561 1202 594 1258 et
615 1191 756 1280 quodam
774 1204 920 1281 tempore
977 1207 1069 1277 anto,
1103 1197 1197 1265 'Pire-

58 1276 128 1342 siae
155 1275 237 1358 lilio,
265 1298 306 1342 ex
335 1296 488 1377 responso
517 1272 696 1344 Thebanos
724 1279 915 1362 monuisset,
945 1292 980 1348 ut
1001 1280 1148 1350 Latonae
1170 1296 1283 1411 ellos

58 1360 130 1428 liliis
153 1361 242 1451 ejum
272 1359 403 1448 Apollini
433 1373 466 1428 et
491 1361 632 1444 Dianae,
662 1385 776 1453 preces
800 1363 936 1446 ferrent,
968 1366 1202 1437 ill'a'sacrificiis

59 1446 217 1515 interesse
238 1445 354 1525 noluit,
378 1445 583 1534 praedicans,
612 1471 649 1514 se
672 1449 884 1536 potentiorem
909 1453 1037 1517 numine
1058 1453 1209 1535 Latonae,
1288 1519 1291 1526 .

59 1557 100 1599 ac
129 1532 199 1600 liliis
229 1532 298 1622 ejus
326 1537 406 1598 esse.
457 1535 532 1598 Hoc
583 1535 815 1611 numlmtona
844 1535 913 1620 filiis
943 1553 1206 1625 conquereretur,

60 1619 171 1706 Apollo
195 1629 229 1684 et
251 1618 372 1696 Diana,
392 1619 468 1684 tecti
488 1558 645 1686 nubibus.
663 1617 796 1686 Thebas
820 1635 991 1703 venerunt,
1016 1647 1055 1688 ac
1077 1625 1204 1710 Nioben

60 1727 136 1770 cum
174 1703 244 1769 liliis
282 1702 470 1792 filiabusque
502 1717 704 1773 necaverunt.
758 1705 928 1773 Peremtos
974 1720 1081 1789 autem
1118 1712 1246 1799 apud1⁵
1332 1762 1334 1766 .

59 1789 196 1855 'l'hebas
223 1789 339 1855 liberos
366 1789 473 1856 Niobe
501 1789 542 1855 ad
570 1790 722 1880 patriam,
753 1789 885 1881 Sipylon
910 1792 1031 1862 seilicet
1053 1810 1204 1877 montem,

60 1875 180 1978 dieitur
215 1875 399 1956 reduxisse,
436 1877 569 1965 ipsaque
599 1876 718 1945 ibidem
750 1876 781 1941 in
811 1900 924 1945 saxum
955 1891 1084 1949 mutata·
1110 1883 1203 1951 indu-

61 1983 176 2030 ruisse.

450 2074 517 2201 ih.
573 2129 817 2204 Glaucus.

149 2256 293 2324 Glaucus
322 2256 451 2345 quidam
480 2258 540 2324 l'uit
564 2256 606 2322 de
628 2257 746 2323 Potuia
768 2255 904 2324 civitate.
949 2256 1012 2332 Qui
1035 2241 1133 2345 quum
1152 2280 1248 2330 sa-no
1300 2317 1305 2328 .

65 2365 122 2411 cra
150 2345 285 2413 Veneris
314 2353 498 2431 sperneret,
528 2341 578 2408 illa
601 2342 681 2408 irata
709 2343 852 2430 equabus
875 2343 964 2432 ejus,
997 2346 1113 2431 quibus
1135 2357 1224 2412 ute-·
1276 2346 1281 2365 '

65 2430 162 2498 batur
180 2429 238 2511 ,ad
268 2450 414 2511 currum,
443 2427 571 2514 immisit
594 2426 752 2510 lurorem;
786 2450 869 2518 quae
897 2450 970 2496 mox
993 2451 1065 2495 eum
1088 2430 1206 2498 dilace-

64 2527 239 2584 raserunt·

294 2679 362 2755 75.
416 2678 669 2770 Deucalion
704 2689 743 2752 et
780 2671 974 2779 Pyrrha.

152 2809 302 2900 Juppiter
323 2809 452 2875 humani
473 2807 602 2895 generis
629 2805 703 2873 vitia
723 2803 901 2886 vindicans,
930 2822 1032 2877 terras
1056 2809 1203 2882 imbrium
1211 2830 1247 2882 aa

66 2893 243 3001 undatione
274 2893 418 2985 operuit,
449 2905 615 2982 totumque
638 2889 798 2959 bominum
821 2915 925 2979 genus
945 2895 1059 2961 diluvio
1082 2897 1205 2966 delevit.

65 2982 246 3058 Deucalion
265 2995 388 3061 autem,
410 2980 596 3046 Promethei
617 2978 716 3056 lilius,
739 2990 772 3044 et
784 2976 920 3068 Pyrrha,
943 2980 1086 3067 ejusdem
1103 3006 1205 3064 soror,
1292 3030 1295 3034 -

66 3093 168 3158 quum
205 3067 407 3135 miseratione
443 3067 606 3152 numinum
641 3064 673 3130 in
703 3062 849 3129 Parnaso
882 3079 990 3133 monte
1020 3069 1207 3135 effusionem

64 3154 215 3222 imbrium
246 3153 421 3241 fugissent,
445 3151 598 3237 'navicula
620 3148 762 3237 Delphos
783 3150 881 3228 vecti,
910 3152 1095 3234 Themidis,
1113 3178 1208 3242 .quae

65 3241 206 3321 antistes,
221 3239 446 3309 terrae-luisse
466 3239 618 3315 traditur,
647 3235 776 3300 oraculo
800 3236 985 3319 audierunt,
1014 3239 1250 3310 ltumnnomao
1276 3292 1279 3298 .

95 3350 183 3393 enus
201 3347 305 3413 posse
326 3325 474 3406 reverti,
503 3325 536 3388 si
556 3344 634 3387 osan
654 3321 783 3386 matria
795 3333 876 3422 post
896 3323 1000 3410 terga'
1013 3314 1208 3407 jactarent.
1298 3411 1304 3417 q

63 3350 295 3480 intellexeruut
319 3409 434 3502 igitur,
466 3421 599 3478 matrem
624 3407 970 3506 terramargnilimri,
1000 3409 1117 3558 ‹puippe
1139 3431 1207 3473 om-

67 3499 157 3564 nium
177 3518 284 3578 rerum
306 3496 523 3582 genetricem
546 3516 619 3562 ossa
641 3511 715 3557 vero
739 3513 806 3579 eyus
829 3491 976 3578 lapides.
1026 3496 1120 3587 gitur¹
1135 3515 1207 3559 ora·
1261 3521 1263 3525 ·

41 3583 142 3681 *culo
172 3580 363 3685 adimpleto,
393 3581 532 3669 lapides,
567 3601 647 3679 quos
678 3576 854 3642 Deucalion
885 3589 957 3664 post
983 3591 1111 3679 tergum
1129 3602 1207 3682 pro-

63 3670 160 3762 jecit,
181 3668 214 3734 in
236 3690 320 3736 uros
342 3671 563 3749 vertebantur;
585 3661 723 3754 lapides,
746 3684 826 3750 quos
844 3663 987 3751 Pyrrha,
1010 3686 1041 3728 m
1065 3663 1248 3744 femmam

300 3834 406 3923 ,74
462 3837 614 3935 Lycus
647 3841 689 3904 el
724 3824 940 3929 Antiopa.
1019 3907 1026 3924 p

142 3965 226 4058 Lyci
248 3988 330 4034 uxor
349 3963 501 4054 Antiopa,
524 3963 641 4053 Nyctei
662 3959 754 4047 regis
773 3960 846 4040 filia,
868 3960 909 4026 ab
924 3955 1072 4046 Epapho,
1092 3956 1228 4028 Isionis*

38 4050 102 4120 'et
122 4051 213 4121 Jovis
238 4066 345 4136 nato,
388 4074 424 4118 er
453 4050 559 4116 dolum
581 4059 741 4136 stuprate,
770 4069 789 4111 a
812 4047 877 4111 viro
899 4043 991 4132 Lyco
1022 4054 1072 4110 est
1094 4045 1206 4141 ejecta.

31 4184 34 4189 -
67 4133 177 4214 Quam
211 4138 331 4229 pulsam
362 4077 525 4226 luppiter,
552 4137 583 4201 in
614 4136 782 4221 Satyrum,
817 4131 864 4196 vel
889 4140 922 4196 ut
944 4129 992 4194 ahi
1016 4129 1143 4204 dicunt,
1173 4130 1205 4225 in

65 4236 199 4292 murum
221 4248 344 4306 smus,
367 4214 571 4312 compressit,
600 4231 632 4287 et
652 4216 816 4306 gravidam
840 4215 928 4282 fecit.
965 4215 1087 4303 Lycus·
1101 4225 1249 4280 autemlo

770 4330 824 4393 7*
