2684 4606
56 212 58 216 .
131 150 211 233 102
366 174 369 179 =
456 150 640 257 mynogf.
668 156 721 231 11.
761 153 845 281 no.
873 154 943 230 oo.
1011 97 1016 103 ’

335 389 347 400 -
423 340 490 415 79.
545 316 667 417 «luno
707 354 750 416 et
787 342 975 418 Semele.

85 462 97 519 Ἃ
200 470 318 541 'Juuo
333 492 430 558 quum
462 467 601 549 videret,
630 469 805 550 Semelem,
837 464 954 537 Cadmi
982 469 1097 549 liliam,
1126 492 1212 561 quse
1238 483 1269 543 et

134 557 273 647 'l'hyone
296 553 426 636 dicitur,
449 579 467 621 a
488 557 571 622 Jove
592 555 698 643 diligi,
718 557 750 621 in
774 555 929 622 aniculam
953 580 1044 624 versa
1066 568 1133 636 est,
1156 570 1192 625 et
1211 558 1270 625 θεὲ

134 645 232 710 meles
252 641 345 709 limen
365 639 567 728 ingrediens,
589 642 599 707 i
623 642 649 706 si
668 642 712 709 ita
732 640 840 709 locuta
862 655 928 710 est:
968 643 1008 708 Si
1038 653 1091 720 te,
1122 652 1166 707 ut
1187 664 1271 731 per·

110 726 273 804 ebibent,
305 727 443 815 integre
470 737 569 793 amat
597 664 780 813 luppiter,
810 724 853 790 ab
876 750 914 790 eo
935 727 1104 815 impetro,
1130 736 1173 791 ut
1189 726 1273 793 talis

134 813 184 878 od
209 823 243 878 te
272 813 410 886 veniat,
443 811 560 898 qualis
588 810 722 876 Jononi
752 810 837 875 solet
867 811 991 878 videri.
1044 811 1141 887 Quod
1176 834 1291 901 quum.

136 896 264 965 Semele
284 919 304 962 a
323 897 404 962 Jove
423 909 573 984 rogaret,
604 895 656 961 ille
683 895 846 962 mortalem
875 895 960 961 nullo
980 895 1077 963 modo
1099 896 1197 964 talem
1219 896 1273 967 ad·

135 995 264 1050 ventum
285 1006 381 1070 posse
403 981 489 1048 ferre
510 982 596 1049 dixit.
638 980 695 1047 Illa
723 993 830 1071 autem
859 981 1014 1062 instante,
1041 982 1174 1050 tandem
1201 1004 1274 1073 pro·

137 1069 237 1149 misit,
266 1069 320 1134 tali
346 1068 456 1135 habitu
478 1092 515 1135 se
536 1066 578 1134 ad
600 1090 671 1132 eam
693 1088 765 1134 esse
785 1083 972 1148 venturum,
1004 1067 1088 1155 quali
1109 1068 1153 1136 ad
1175 1068 1274 1137 Juno-

32 1171 40 1195 ·
96 1168 211 1221 lonem
230 1155 322 1223 venit.
352 1153 415 1229 Qui
460 1176 534 1220 uum
554 1153 691 1220 venisset
710 1175 782 1218 cum
806 1152 952 1234 fulmine,
974 1154 1100 1220 Semele
1119 1155 1273 1223 sustinere

138 1264 202 1307 non
223 1242 342 1329 potuit,
373 1251 405 1306 et
427 1178 513 1306 dhiit.
554 1239 702 1327 luppiter
723 1260 818 1318 vero,
849 1250 961 1342 aperto
990 1239 1275 1330 ejus-velocissimo

137 1338 247 1404 utero,
270 1327 423 1393 Liberum
448 1338 571 1414 patrem
592 1326 662 1412 ipse
685 1336 718 1390 et
738 1323 916 1392 Mercurius
939 1339 1051 1414 aperto
1073 1327 1200 1394 femore
1220 1350 1275 1395 suo

138 1411 300 1487 abdidisse
320 1411 443 1490 dicitur,
467 1423 502 1479 ut
524 1409 654 1498 expletis
674 1432 786 1476 novem
807 1412 979 1488 mensibus,
998 1410 1143 1499 legitime
1165 1436 1277 1481 nasoo-

139 1511 236 1565 retur.
279 1497 414 1575 Postea,
437 1496 600 1586 eompletis
620 1496 770 1562 maternis
786 1498 971 1575 mensibus,
990 1497 1165 1586 Nymphis,
1195 1522 1277 1591 quus

99 1584 280 1688 leysam,
315 1595 456 1650 montem
485 1583 614 1662 Indiae,
649 1583 912 1669 frequentabant,
946 1583 1027 1651 olam
1056 1584 1278 1653 tradidit'nu-

25 1677 28 1682 ’
141 1669 310 1738 tuendum.
372 1669 476 1743 Quem
507 1676 619 1758 p'ostea
650 1664 708 1733 Ino
768 1653 847 1733 u'xor
879 1668 1075 1737 Athamantis
1107 1692 1147 1737 ex
1179 1670 1278 1739 Aeolo
1316 1680 1318 1689 '

140 1757 258 1843 geniti,
277 1756 455 1821 matertera¹
470 1777 544 1834 sua,
571 1775 664 1821 soror
684 1717 830 1820 videlicet
852 1753 1014 1837 Semeles,
1047 1754 1187 1824 nutrisse
1208 1766 1279 1849 per-

141 1843 276 1908 hibetur.
320 1842 406 1905 Hinc
420 1841 509 1918 ¹irata
528 1841 613 1906 Juno
636 1837 776 1903 furorem
796 1838 995 1921 Athamanti,
1024 1840 1139 1917 marito
1160 1840 1278 1923 lnonis,

143 1927 286 2008 immisit,
308 1940 344 1994 ut
359 1926 439 1992 lilios
460 1949 535 1993 suos
556 1925 648 1991 vellet
671 1922 840 2004 occidere;
864 1948 996 2011 sperans
1009 1940 1064 2006 ut,
1086 1927 1112 1992 si
1124 1926 1279 1997 Liberum

99 2032 138 2083 20
154 2013 267 2079 ¹latrem
298 2013 437 2078 invenire
465 2024 588 2100 posset,
621 2009 727 2087 simili,
761 2021 798 2076 ut
825 2008 961 2091 liberos,
990 2025 1078 2078 sorte
1099 2014 1280 2102 perimeret.
1309 2062 1314 2071 ·

143 2038 230 2167 llino
260 2098 517 2195 Athamaslmox
550 2118 646 2162 unum
676 2093 773 2160 filium
804 2118 895 2162 suurn
923 2095 1106 2164 Learchum
1129 2099 1280 2171 Herculis
1308 2172 1317 2185 ,

60 2220 122 2239 ·--·
143 2185 273 2252 extinxit
304 2184 436 2271 sagittis.
486 2183 544 2248 Ino
577 2203 651 2245 vero
681 2180 828 2248 maritum
856 2205 949 2248 suum
977 2185 1032 2249 ubi
1059 2184 1171 2251 furore
1192 2198 1227 2255 et
1244 2206 1281 2253 sc
1311 2224 1317 2239 ·

142 2271 290 2422 ttllll
317 2266 712 2421 “ttttlcllltllt
725 2266 1032 2442 'tlt‘tttlllln
1048 2269 1281 2425 tllblnl

102 2443 231 2518 25rinos
261 2381 403 2507 eonhersi
422 2380 523 2519 ¹sunt;
558 2439 725 2506 Melicerta
751 2439 783 2503 in
803 2440 1030 2520 Portumnum,
1066 2440 1120 2529 qui
1152 2444 1300 2511 Gnaeos·

144 2529 318 2595 Palaemon
341 2528 477 2606 diuitum
505 2526 563 2591 lno
583 2526 616 2589 in
638 2525 791 2592 marinam
811 2523 922 2606 deam,
942 2549 1027 2614 quae
1046 2527 1181 2593 Graece
1207 2528 1280 2597 dioi-
1314 2590 1318 2597 .

143 2626 196 2717 tur
226 2613 423 2682 Leucothea.
468 2610 670 2714 Palaemonis
698 2621 804 2674 autem
833 2633 949 2713 corpus
972 2633 1068 2714 quum
1090 2613 1316 2721 ,Corinthuns

108 2728 112 2741 ·
145 2702 259 2767 luisset
279 2701 462 2788 appulsum,
494 2720 534 2765 ex
562 2697 673 2763 habnu
699 2696 918 2784 contemplati,
949 2720 1036 2785 regns
1056 2698 1155 2765 fursse
1177 2700 1279 2779 lilium,
1314 2760 1318 2793 r

143 2785 361 2883 humaverunt.
405 2784 466 2852 uui
489 2784 620 2852 humato
633 2780 817 2886 ,institutum
839 2781 940 2852 fertur
961 2782 1091 2852 lustrale
1111 2798 1280 2857 certamen
1310 2816 1318 2923 1

103 3003 139 3119 3,
244 3052 249 3065 ¹
557 3032 867 3119 ⁴nonnam.
1097 3100 1100 3107 .
1243 2932 1318 3053 f

107 3236 109 3241 ,
227 3163 345 3255 Liber,
371 3161 512 3255 „adultae
550 3144 660 3229 factus¹
681 3164 811 3244 aetatiS,
845 3162 967 3232 Indiam
1004 3164 1064 3231 sibi
1092 3164 1187 3258 subju
1215 3166 1281 3237 adt
1314 3206 1318 3245 -,

145 3246 227 3316 Inde
257 3259 437 3328 revertens,
475 3269 571 3399 quum
600 3248 631 3313 in
664 3247 794 3316 deserta
820 3262 853 3317 et
882 3260 1025 3318 extrema
1048 3264 1140 3353 parte
1159 3252 1203 3321 ln
1225 3274 1282 3345 yse
1303 3244 1318 3343 1Ξ

150 3346 332 3415 teneretur,
355 3357 394 3401 ac
416 3335 467 3401 siti
498 3335 647 3400 aboraret
666 3336 842 3416 exereitus,
871 3358 1007 3423 rogasse
1026 3335 1143 3404 dicitur
1161 3339 1282 3419 Jovcm,

151 3435 187 3488 ut
215 3444 273 3504 se,
308 3443 423 3508 aquam
457 3420 486 3485 ei
516 3419 732 3503 ostendendo,
766 3433 888 3509 putrem
917 3424 1078 3510 probaret
1136 3424 1215 3495 Mox
1245 3444 1284 3493 u

104 3527 248 3590 35arena
270 3508 351 3573 aries
373 3506 536 3595 apparuit,
557 3505 610 3594 qui
632 3508 716 3596 pede
737 3505 859 3574 elevato
881 3509 1066 3576 monstrarit
1085 3509 1212 3593 locum,
1230 3508 1301 3593 ull,

149 3590 274 3665 fodiens
304 3615 418 3679 aquam
447 3605 556 3680 posset
576 3593 723 3659 invenire.
767 3592 862 3660 Turro
888 3606 999 3684 aperta
1016 3605 1122 3675 terro,
1153 3616 1304 3687 egam:

148 3688 236 3745 esta
259 3701 300 3747 ua
321 3678 518 3780 largissima3
551 3678 615 3754 vel,
644 3690 680 3745 ut
706 3677 756 3746 alii
787 3678 915 3761 dicunt,
945 3680 1028 3747 aries
1049 3680 1111 3768 ipsi
1130 3680 1311 3773 uplsaruil„¹

150 3785 215 3850 quo
237 3702 322 3830 lluoe
343 3765 443 3831 Liber
465 3787 580 3852 aquam
601 3764 726 3832 invenit.
769 3765 902 3833 Inventa
929 3778 1037 3833 autem
1064 3788 1167 3854 aqua,
1223 3766 1288 3837 eds

126 3872 171 3941 ¹a
198 3849 296 3930 Jove,
325 3860 361 3916 ut
390 3850 522 3919 arietem
549 3851 581 3914 in
611 3861 696 3918 astra
716 3850 913 3918 transferret.
956 3853 995 3919 In
1014 3874 1054 3919 co
1076 3864 1185 3921 autem
1218 3874 1288 3937 cco,

107 3933 207 4009 toubi
236 3957 320 4024 aqua
351 3936 458 4017 fluxit,
493 3934 644 4024 templum
674 3936 851 4016 constituit,
891 3937 979 4026 quod
1007 3936 1096 4013 Jovis
1126 3939 1300 4011 Ammonis.

153 4016 278 4088 dicitur.
324 4016 653 4089 Simulacrumetiam
683 4020 769 4110 ejus,
800 4021 933 4125 adjectis
964 4022 1114 4091 cornibus
1139 4023 1298 4107 arietinis.-

152 4106 333 4173 oonfectum
357 4121 414 4176 est.
456 4105 609 4195 Fingitur
631 4117 737 4174 autem
763 4110 912 4176 cornibus
940 4109 1097 4191 arietinis,
1125 4110 1215 4202 quod
1241 4132 1293 4197 n,

154 4212 239 4282 quaa
258 4192 302 4260 ibi
325 4191 440 4263 dantur
461 4216 635 4285 respousa,
667 4194 861 4265 obscuritate
881 4206 956 4267 sunt
975 4194 1123 4285 involuto.
1165 4196 1300 4273 Dicilffl‘·
