2684 4606
389 101 573 263 nyooga.
607 162 679 236 m.
734 159 779 239 o.¹
829 160 867 237 r.
961 122 970 135 ”
1107 137 1199 278 ¹'ars

147 347 189 413 Si
206 338 464 436 potnit'mau'es
485 369 657 419 <arcessere
677 350 837 438 conjugis
858 349 1026 441 Orpheus.

59 433 234 500 Accessere
246 433 353 513 enim,
387 433 503 520 inquit,
533 435 661 530 proprie
683 436 842 503 evocantis
863 447 920 504 est

143 546 198 611 22.
240 543 308 611 Sed
329 544 371 611 ad
392 545 502 612 Musas
520 567 731 615 recurramus.
772 548 882 616 Musas
906 571 978 615 esse
1006 551 1207 612 concentum
1271 554 1288 603 f

59 629 170 708 mundi
202 632 296 697 etiarn
330 632 440 698 rustici
475 631 561 720 apud
596 634 741 722 antiquos
771 642 1010 721 cognorerunt,
1038 632 1106 719 'qui
1140 653 1197 701 eas

59 718 221 783 Camenas
244 719 334 803 quasi
359 717 516 782 Cunenos
545 741 565 784 a
594 719 747 784 canendo
775 718 953 791 dixerunt,
992 717 1075 790 Quia
1103 715 1222 782 etiam⁶

59 802 185 873 caelum
205 800 356 888 theologi
371 806 774 892 canerecomprobarunt,
784 828 944 894 sonosque
965 802 1102 869 musicos
1125 823 1198 866 cae·
1228 823 1231 826 ·

58 887 185 954 lentium
204 888 365 953 sacrificiis
388 887 608 969 adhibuerunt,
631 890 684 977 qui
706 890 792 978 apud
813 891 889 957 alios
908 890 976 980 lyra
998 886 1046 952 vel
1067 887 1199 967 cithara,

58 972 147 1059 apud
167 973 332 1040 nonnullos
359 972 442 1039 tibiis
474 973 578 1042 aliisve
599 974 726 1041 musicis
749 978 983 1043 exercebantur
1009 973 1199 1039 instrumen·
1319 982 1327 999 ‘

56 1060 105 1125 tis.
149 1059 237 1124 Sane
256 1081 352 1147 moys
374 1058 503 1125 Graece
522 1083 615 1147 aquo
637 1059 769 1142 dicitur;
789 1058 1202 1146 indeMusa'quasitzqua-
1301 1130 1304 1135 ,

57 1144 144 1208 tica.
195 1146 259 1209 aer
292 1144 375 1210 enim
407 1166 466 1232 per
494 1145 627 1212 arterias
656 1148 797 1214 canentis
832 1147 1024 1235 egrediens,
1064 1142 1242 1210 humorelo
1309 1220 1312 1231 ἢ

58 1251 93 1294 as
118 1228 262 1315 ergitur,
302 1252 363 1295 nec
390 1252 443 1295 um
469 1252 542 1296 uam
595 1253 630 1294 er
663 1232 802 1316 gutturis
822 1233 959 1300 fistulam
980 1229 1037 1296 nisi
1059 1229 1199 1307 humoris

56 1252 218 1404 adiutorio
259 1316 392 1381 canitur.
446 1253 556 1381 decun
583 1338 634 1381 um
666 1316 844 1384 Varronem
861 1319 970 1384 ¹etiam
1007 1315 1098 1403 ipsae
1126 1322 1200 1380 sunt

27 1399 172 1465 'Musae
202 1421 288 1487 quae
317 1411 348 1467 et
378 1400 565 1489 Nymphae;
602 1422 682 1480 nec,
715 1414 752 1469 nt
781 1404 826 1469 ait
844 1400 1002 1479 'Servius,
1033 1399 1199 1466 immerito.

56 1484 143 1551 Nam
169 1507 289 1572 aquae,
320 1486 440 1572 inquit,
470 1509 566 1552 sonos
587 1487 731 1551 musicen
760 1486 876 1569 officit,
908 1498 943 1554 ut
962 1489 993 1553 in
1017 1483 1198 1572 hydrauliis,
1301 1527 1307 1535 =

54 1569 89 1635 id
122 1580 173 1637 est
202 1569 357 1658 aquaticis
389 1572 537 1658 organis,
565 1570 715 1639 ridemus.
771 1572 861 1639 Idem
884 1574 979 1640 etiarn
996 1572 1112 1637 'Varro
1132 1583 1241 1635 treslo

55 1665 182 1723 tantum
218 1678 289 1744 esse
325 1658 435 1723 Musas
471 1669 714 1736 commemorat,
749 1674 862 1741 unam,
898 1681 983 1746 quae
1019 1677 1060 1720 ex
1094 1677 1200 1744 aquae
1283 1664 1286 1669 '
1317 1664 1327 1709 Ἀ

54 1741 199 1827 nascitur
221 1753 328 1821 motu;
362 1743 509 1822 alteram,
541 1765 635 1830 quam
665 1743 747 1809 aeris
769 1745 823 1813 icti
849 1745 949 1811 efficit
979 1763 1095 1821 sonus;
1134 1754 1200 1808 ter-

55 1827 152 1907 tiam,
182 1849 265 1915 quae
288 1848 376 1892 mera
398 1839 522 1895 tantum
543 1851 626 1893 voce
645 1830 795 1896 consistit.
848 1833 974 1896 Harum
995 1848 1102 1893 rernm
1124 1825 1200 1892 cali-

54 1913 191 2062 ginosas
213 1934 277 1998 ego
301 1911 497 1982 diversitates
518 1937 590 1980 meo
624 1936 756 1981 censens
778 1917 909 2067 ingenio
930 1935 1101 1990 onorosas,
1131 1830 1241 2093 amuel
1256 1947 1286 1983 e:

79 1997 290 2076 rscutieodas,
331 2021 472 2087 sanaque
507 2000 769 2086 interpretatione
804 2000 1010 2068 eucidendas
1065 2019 1196 2084 ropouo,
1274 2048 1293 2085 ,.

55 2106 97 2147 ne
129 2082 177 2149 vel
215 2089 406 2173 magnetum
444 2085 684 2159 auctoritatibus
720 2087 858 2174 parvitas
894 2110 967 2152 mea
1003 2021 1199 2167 relragetur,
1232 2084 1285 2143 x!

49 2168 102 2234 ,vei
125 2170 335 2271 apocryphas
362 2193 513 2258 promens
542 2168 745 2253 traditiones,
782 2171 987 2260 intelligendo
1018 2169 1133 2236 faciam
1163 2179 1200 2234 ut
1237 2146 1252 2255 l

53 2254 129 2321 nihil
146 2254 331 2340 intelligam.
366 2340 371 2351 Ι
1237 2258 1244 2275 '

442 2440 483 2515 9.
544 2435 816 2523 Mercurius.

141 2578 172 2643 1.
196 2574 382 2645 Secundum
395 2577 483 2645 Jovis
504 2578 817 2653 filiumlMercurinm
838 2579 954 2658 volunt,
975 2576 1129 2655 ‘sermonis
1151 2577 1238 2643 vi-ns
1250 2614 1258 2675 5
1279 2608 1281 2613 Δ

54 2663 174 2730 delicet
190 2674 223 2731 et
237 2662 438 2750 eloquentiae
450 2662 555 2732 deuna
599 2667 698 2731 Hunc
711 2666 864 2731 medium
881 2675 1086 2736 currentem,
1108 2660 1198 2751 quod
1246 2702 1250 2735 t

53 2768 163 2818 sermo
182 2749 265 2817 inter
300 2749 381 2833 duos
411 2749 544 2831 seritur,
577 2751 626 2817 vel
654 2762 887 2815 mercatorum
916 2745 1047 2835 κύριον,
1081 2747 1120 2812 id
1137 2758 1198 2814 'est
1242 2734 1248 2843 l

51 2834 254 2916 dominum,
290 2835 337 2900 rel
358 2833 534 2902 secundum
564 2834 771 2923 Fulgentium
793 2858 929 2900 -merees
950 2845 1131 2898 curantem
1149 2833 1199 2898 in·
1240 2848 1278 2949 t,
1325 2886 1327 2897 .

53 2931 282 3009 terpretantur.
324 2921 462 2987 Praeest
482 2922 564 2986 enim
580 2921 924 3001 mercatoribus,'inter
943 2942 1023 3008 quos
1045 2920 1198 2986 sermonis
1270 2932 1273 2937 '
1307 2938 1312 2945 ·

54 3007 156 3073 virtus
186 3017 221 3072 et
249 3005 373 3072 cautela
399 3006 536 3073 maxime
566 3009 663 3096 viget.
719 3005 845 3072 Dicitur
867 3007 898 3071 in
926 3002 1062 3072 Arcadia
1092 3013 1238 3087 natos,³⁰

39 3089 145 3181 ⁴quod
173 3092 255 3159 haec
282 3091 376 3178 regio
406 3092 596 3181 praecipue,
639 3103 676 3159 ut
703 3090 747 3158 ait
777 3091 964 3180 Remigius,
999 3089 1198 3178 eloquentiae

55 3175 189 3246 studuit.
243 3176 371 3244 Dicitur
402 3179 537 3243 deorum
561 3179 676 3265 nuptiis
696 3177 868 3256 interesse,
900 3172 987 3266 quod
1020 3175 1052 3240 in
1081 3177 1196 3265 nuptiis
1297 3194 1299 3198 ’

55 3285 164 3331 sermo
185 3261 354 3352 plurimum
382 3262 473 3330 valet.
535 3263 585 3329 Ibi
612 3263 694 3328 enim
726 3255 917 3329 internuntia
951 3258 999 3327 vel
1027 3260 1196 3342 missatica,
1284 3298 1287 3304 ·

54 3361 91 3418 et
107 3346 143 3415 id
170 3371 275 3436 genus
295 3348 429 3438 plurima
442 3347 632 3417 discurrunt.
674 3347 800 3414 Dicitur
810 3361 884 3438 post
897 3346 1068 3436 Apollinem
1083 3358 1196 3428 natus;

56 3435 146 3525 prius
168 3435 252 3502 enim
285 3432 370 3523 apud
400 3459 435 3502 sa
459 3435 560 3503 ientes
587 3433 766 3514 consilium,
809 3432 899 3522 quod
924 3454 984 3521 per
1012 3432 1238 3518 Apollinemts

15 3520 156 3593 adeum
197 3519 386 3608 sapientiae,
429 3457 636 3608 designatur,
672 3520 704 3584 in
726 3518 870 3606 'qualibet
902 3540 940 3584 re
976 3519 1195 3603 excogitatum

57 3605 178 3674 deinde
198 3628 363 3693 sermone,
389 3606 443 3694 qui
465 3630 523 3697 per
543 3606 736 3673 Mercurium
765 3606 966 3691 intelligitur,
1000 3603 1088 3690 quod
1121 3625 1195 3692 pro·

56 3695 161 3761 risum
189 3692 285 3759 fuerit
316 3693 506 3760 enuntiatur.
547 3692 659 3779 Fingit
691 3712 764 3757 eum
786 3692 961 3758 Martianus
982 3687 1195 3775 philologiam
1209 3722 1244 3759 ’et

56 3801 191 3847 uxorem
224 3777 371 3859 duxisse,
408 3778 500 3865 eique
520 3779 583 3846 VII
605 3789 691 3844 artes
719 3775 874 3843 liberales¹
896 3777 927 3841 in
955 3773 1063 3841 dotem
1082 3787 1194 3842 contu-

55 3865 140 3933 lisse.
184 3862 365 3952 Philologia
384 3864 484 3951 igitur
503 3863 661 3928 studium
683 3861 731 3928 vel
750 3885 849 3949 amor
870 3859 1020 3926 rationis
1039 3861 1237 3949 interpre-to

57 3964 163 4032 totur3
219 3949 325 4018 onitur
347 3964 453 4017 autem
473 3952 506 4017 in
526 3971 664 4038 persona
689 3947 836 4021 rationis,
867 3944 1045 4013 Mercurius
1065 3968 1144 4012 vero.
1157 3947 1195 4011 in
1229 4008 1230 4015 ,
1273 3972 1277 3978 ·

57 3974 260 4107 omtitndne
282 4035 451 4103 facundiae
470 4048 504 4104 et
534 4034 695 4121 sermonis.
751 4034 857 4107 Quum
885 4052 967 4118 ergo
994 4029 1026 4096 in
1055 4056 1089 4098 sa
1111 4031 1196 4098 iente

56 4125 140 4191 lraec
161 4122 229 4190 duo
253 4123 472 4204 convenerint,
504 4132 536 4189 et
557 4142 692 4188 acumen
714 4118 857 4185 videlicet
876 4116 1006 4184 rationis
1026 4127 1059 4183 et
1084 4055 1194 4182 licun-
1307 4115 1312 4131 ‘

58 4209 113 4277 dia
148 4209 324 4290 sermonis,
364 4221 441 4276 tunc
473 4204 708 4298 quodammodo
741 4205 923 4273 Mercurius
954 4211 992 4269 et
1005 4201 1210 4295 ¹Mlx‘xloiog‘,xa

1010 4440 1028 4475 b
