2692 4606
332 110 536 269 „uyuagyss
562 159 613 232 11.
652 89 926 233 'run-rra.
1008 224 1011 231 ,
1137 104 1216 230 rsa
1332 269 1334 273 Ι

10 409 14 428 ,
75 345 247 413 conamine
269 366 342 412 cum
365 366 484 433 magna
506 344 664 415 exercitus
686 345 931 436 parte'obrutua
958 339 1086 425 suisset,
1117 342 1216 410 hune·
1244 393 1248 410 ,
1276 336 1278 340 '

73 442 146 502 runt
168 432 267 513 socii,
297 453 371 515 eum
393 431 426 496 in
448 429 544 505 deum
565 430 721 501 marinum
735 452 815 500 ,essa
829 449 1035 515 ¹conversum.

444 564 537 705 168}
593 627 849 718 Glaucus.

100 805 108 817 .
155 751 299 820 Glaucus
327 753 468 842 piscator
497 755 571 835 fuir,
604 755 800 823 Anthedonis
829 754 928 834 tilius,
960 752 1015 841 qni
1033 760 1209 819 extractam

70 839 150 904 mari
177 838 329 927 praedam
359 841 391 906 in
420 841 512 909 litore
536 842 676 932 projecit.
720 842 831 909 Pisces
854 841 1026 921 herbarum
1048 848 1135 907 tactu
1159 853 1233 903 res
1266 850 1271 857 ’

13 965 19 987 .
70 925 221 992 vixerunt
263 923 419 994 Intellexit
442 926 602 1008 Glaucus,
623 928 708 996 hanc
726 928 850 995 illorum
871 925 1052 1015 graminum
1064 935 1210 993 naturam

69 1035 158 1091 esse,
181 1022 216 1078 ut
236 1010 427 1081 immortales
449 1013 672 1094 efficerentur,
699 1015 753 1102 qui
777 1013 819 1079 de
838 1012 876 1079 iis
899 1022 1093 1100 gustassent.
1144 1010 1209 1077 Ita-

67 1119 132 1183 que
162 1096 264 1164 avellit
294 1111 327 1165 et
357 1100 505 1186 gustarit
555 1101 630 1181 Quo
660 1101 763 1179 sacto,
794 1110 901 1167 mente
931 1099 1083 1165 alienatus
1107 1117 1148 1162 se
1170 1117 1208 1162 ex

67 1183 131 1251 alto
158 1183 190 1249 in
218 1181 353 1273 pelagus
379 1186 605 1274 praecipitavit.
647 1186 704 1265 Sic
729 1185 875 1275 deposito
899 1185 1037 1253 humano
1061 1203 1208 1272 corpore,
1223 1204 1265 1237 κ

65 1272 97 1333 in
121 1268 275 1365 marinum
296 1269 392 1357 deum
409 1272 541 1359 fingitur
563 1294 672 1360 versus
695 1294 775 1340 esse.
942 1276 945 1281 '
1214 1293 1227 1341 r

387 1439 389 1443 Ι
455 1463 549 1543 169.
602 1464 813 1568 Scylla.
1003 1405 1005 1409 ι
1245 1480 1253 1549 ,³

151 1593 276 1686 Scylla,
305 1593 427 1662 Phorci
454 1607 488 1662 et
515 1583 696 1665 Crataeidis
724 1591 905 1683 Nymphae
919 1591 982 1660 lilia
1004 1593 1071 1662 fuit
1112 1595 1209 1662 Hauc
1281 1578 1284 1591 ‚

66 1683 183 1748 amavit
210 1681 371 1761 Glaucus,
402 1681 542 1748 marinus
573 1680 672 1762 deus,
705 1678 900 1759 Anthedonis
929 1679 1027 1760 filius,
1061 1703 1095 1752 a.
1111 1681 1208 1746 Circe
1244 1678 1250 1767 l

52 1780 197 1833 ¹tornatus.
239 1766 285 1835 Et
305 1767 454 1855 quoniam
476 1766 609 1855 pronior
627 1768 660 1843 in
683 1766 822 1855 Scyllam
845 1765 966 1845 fuerat,
999 1766 1081 1833 irata
1110 1768 1207 1833 Circe
1243 1770 1248 1777 '

65 1852 213 1933 lbntem,
226 1851 260 1918 in
281 1875 345 1940 quo
366 1853 418 1927 illa
440 1865 611 1937 consuerat
626 1875 747 1941 corpus
763 1850 918 1932 abluere,
938 1851 1050 1919 infecit
1070 1853 1230 1925 venenis-r
1308 1860 1311 1873 '

62 1939 100 2004 Iu
121 1960 217 2027 quem
238 1937 290 2005 illa
331 1961 407 2023 uum
428 1936 665 2019 descendisset,
692 1939 890 2027 pubetenus
910 1938 943 2004 in
965 1938 1066 2005 varias
1087 1948 1210 2007 mutata

63 2035 114 2092 est
139 2024 268 2093 formas.
309 1963 460 2105 ilorrens
483 2025 583 2116 igitur
604 2024 646 2095 de
659 2025 807 2102 ormitate
828 2045 918 2113 sua,
934 2046 970 2089 se
991 2023 1266 2113 praecipitarit&

60 2113 93 2176 in
121 2132 221 2177 mare.
261 2111 359 2178 Hanc
389 2122 502 2200 postea
525 2106 669 2197 Glaucus
694 2110 771 2178 lecit
791 2109 944 2187 marinam
967 2108 1070 2177 deam.
1113 2111 1208 2176 Haec
1246 2108 1248 2119 '

61 2195 196 2263 classem
212 2193 324 2262 ‘Ulixis
352 2219 425 2278 oum
455 2199 550 2267 sociis
581 2190 649 2288 eius
671 2195 824 2263 evertisse
844 2207 1001 2263 narratur.
1043 2196 1207 2263 Homerus

60 2284 142 2349 banc
162 2282 339 2366 immortale
359 2292 534 2363 monstrum
557 2283 674 2367 luisse,
701 2278 864 2348 'Salustius
890 2303 1002 2349 saxum
1024 2288 1096 2348 esse
1117 2280 1249 2363 dicitnr)
1306 2348 1310 2356 Χ

58 2367 159 2435 simile
190 2367 311 2433 formae
340 2369 523 2439 celebratae
552 2368 669 2460 procul·
693 2366 874 2435 visentibus.
930 2368 1037 2434 Canes
1066 2390 1142 2433 vero
1173 2381 1207 2436 et

56 2455 120 2542 lupi
144 2454 186 2519 ob
206 2452 333 2535 hocex
354 2479 394 2523 ea
416 2457 481 2525 nati
504 2480 576 2545 esse
602 2452 786 2543 fingpntur,¹
812 2453 898 2540 quia,
914 2452 985 2541 ipsa
1014 2453 1085 2518 loca
1114 2451 1207 2540 plena

57 2551 133 2607 sunt
160 2538 309 2617 monstris
339 2543 484 2627 marinis,
521 2554 555 2629 et
583 2562 735 2625 saxorum
766 2537 919 2626 asperitas
944 2537 1006 2605 illic
1032 2538 1205 2607 bestiarum

55 2627 198 2694 imitatur
221 2623 364 2695 latratus.
830 2638 835 2645 ’
994 2638 998 2661 ¹

387 2822 480 2898 170.
533 2813 864 2926 naa-symm.
1083 2818 1086 2826 ¹
1151 2859 1154 2863 «
1207 2760 1265 2903 ω’

139 2949 322 3042 Charybdis
362 2962 468 3018 autern
502 2952 620 3018 femina
651 2953 712 3020 tuit
739 2952 946 3019 ferocissima.
1003 2954 1097 3030 Quae
1127 2955 1202 3043 qnia

55 3044 154 3106 bores
176 3038 327 3104 Herculis
348 3058 383 3103 ra
407 3037 470 3121 uit,
495 3036 658 3107 fulminata
680 3048 730 3104 est
750 3061 771 3104 a
791 3040 872 3105 Jove
893 3049 927 3106 et
947 3038 979 3104 in
993 3036 1095 3106 naaria
1107 3047 1263 3129 prae(

51 3127 192 3216 cipitata·
234 3122 332 3191 Unde
353 3145 374 3189 a
398 3123 462 3191 huc
481 3135 626 3191 naturam
648 3125 812 3215 pristinam
833 3135 948 3195 servat.
982 3125 1068 3193 Nam
1088 3129 1200 3195 sorbet

50 3213 217 3288 universa,
249 3222 283 3280 et
302 3209 480 3279 secundum
507 3208 681 3280 Salustium
707 3233 747 3278 ea
768 3211 856 3278 circa
890 3211 1197 3281 Tauromenitanum
1304 3230 1307 3243 ·

49 3298 155 3388 egerit
180 3295 262 3365 litua.
912 3298 929 3355 .'
1200 3318 1239 3366 uu

223 3483 314 3560 171.
368 3432 603 3587 Tyrrheni
639 3495 684 3558 et
713 3483 854 3561 Liber
885 3499 1023 3587 pater.

130 3612 292 3706 Tyrrheni
316 3625 432 3682 nautae
452 3612 606 3701 Liberum
628 3623 754 3702 patrem
774 3636 910 3702 puerum
932 3613 1140 3687 dormientem
1161 3613 1210 3680 iu.
1280 3690 1286 3701 J
1337 3655 1341 3663 ,

47 3699 139 3767 litore
169 3699 376 3785 abstulerunt.
431 3699 494 3775 Qui
525 3722 623 3793 quum
651 3711 737 3766 esset
769 3700 1016 3789 expergefactus
1050 3701 1081 3767 in
1111 3701 1192 3782 navi,
1267 3702 1303 3787 JK*

67 3809 111 3850 ιιο
142 3784 348 3868 duceretur,
377 3807 414 3852 ro
442 3784 512 3853 avit.
556 3785 808 3872 Responderunt
834 3785 894 3853 illi:
932 3788 1008 3869 Quo
1030 3786 1191 3869 volueris.
1238 3790 1266 3837 'rs
1307 3784 1325 3807 ‘¹

10 3872 16 3897 ¹
45 3809 148 3961 iiber
173 3870 318 3959 rogarit,
347 3883 383 3940 ut
408 3808 535 3938 §axum
564 3871 697 3938 insulam
720 3894 761 3938 se
782 3884 995 3940 transvectum
1017 3871 1232 3944 nutricibustt

10 3912 15 3997 l
42 3955 217 4024 redderent
244 3957 409 4047 Nymphis.
451 3957 499 4023 Illi
518 3980 577 4045 spe
596 3957 741 4060 praedae
758 3956 896 4040 inducti,
926 3969 1102 4046 coeperunt
1128 3956 1189 4024 alio

40 4043 109 4109 vela
139 4043 282 4111 flectere.
345 4045 563 4120 Quamobrem
597 4058 714 4126 tratum
744 4067 860 4110 numen
888 4044 1022 4133 tigrides
1049 4044 1109 4112 sibi
1137 4068 1189 4111 sa-

40 4139 148 4197 cratas
178 4129 295 4197 visibus
327 4153 439 4197 corum
468 4129 600 4220 objecit:
634 4152 698 4218 quo
730 4140 853 4205 terrore
882 4154 919 4203 se
942 4130 984 4201 illi
1014 4131 1045 4199 in
1063 4132 1188 4200 liuotus
1260 4160 1270 4166 ’

38 4214 164 4285 dedere
185 4215 392 4325 praecipites,
421 4226 454 4286 et
474 4215 550 4309 lculi
565 4229 646 4295 ,sunl
666 4214 840 4337 ὀβΙρῑιίιιί.ἱ
