2692 4606
263 237 267 244 .
364 168 547 270 orytnop.
576 129 648 240 1'11.
704 165 742 240 7.
788 155 940 241 'r-a.
1005 119 1009 135 '
1094 161 1250 274 'aar

62 353 153 417 marn
181 362 294 436 cantus
327 349 369 416 ad
401 351 557 428 animum,
595 349 720 415 saltatio
752 347 794 415 ad
823 336 1027 417 molrilitatem
1061 347 1206 437 corporis¹
1262 388 1266 397 -

66 440 214 525 pertinet.
259 436 345 501 Hinc
367 433 408 500 de
431 434 560 500 Didone
581 427 713 522 legitur:
802 507 804 512 ,

154 522 232 587 Aut
259 525 349 584 ›nrrte
383 543 445 586 orn
478 517 581 586 datm
614 520 763 606 pinguis
800 521 984 607 spatiarer
1017 516 1066 582 aa
1108 539 1203 583 orces.

66 608 236 674 Matronae
267 607 350 671 enim
383 620 415 675 et
446 607 534 693 ipsae
552 605 790 677 sacrificaturae
813 606 897 671 circa
919 628 990 670 aras
1012 602 1131 669 faculas
1153 615 1201 670 te-

67 688 406 773 nentes'lerebantur3
443 690 530 779 quod
564 713 637 756 oum
663 689 803 777 quodam
832 691 928 778 gestu
956 691 1062 756 fiebat.
1105 688 1227 755 Undat
1318 743 1323 748 .

65 781 162 927 mill
202 779 390 844 Salustius:
419 777 559 842 Saltare
590 773 808 862 elegantius,
853 799 957 864 qnam
990 798 1123 840 necesse
1151 787 1205 840 eet

63 886 129 950 pro
152 887 201 928 ne.
316 910 321 917 -

370 1070 373 1075 .
441 1010 480 1082 7.
534 1011 831 1111 Proserpina.

57 1176 61 1183 ·
131 1140 189 1213 „la
224 1138 351 1207 Plutoni
380 1149 510 1227 nuptam
541 1139 670 1205 Cereris
696 1139 791 1204 liliam
823 1136 1049 1224 Proserpinam
1084 1135 1199 1203 rolnut.
1235 1174 1241 1200 r

64 1226 169 1291 Ceres
201 1245 282 1311 ergo
312 1226 488 1311 garennam
518 1225 771 1313 interpretatur..
809 1224 905 1288 Hauc
940 1222 1015 1287 ideo
1051 1220 1243 1289 frumentil⁰

64 1310 162 1376 deam
183 1313 387 1396 contingunt,
410 1311 483 1398 quia
506 1311 560 1376 ubi
603 1310 743 1376 lenitudo
766 1311 806 1376 sit
830 1311 1009 1386 l'rnctunm,
1034 1307 1077 1374 ibi
1099 1308 1215 1382 abu‘n·⁴

64 1395 143 1462 dent
164 1395 284 1482 gaudia
307 1418 438 1462 necesse
467 1407 524 1462 est.
574 1335 800 1482 Proserpinam
832 1416 906 1459 vero
935 1392 1025 1481 qnasi
1052 1393 1199 1479 segetem

64 1481 250 1567 voluerunt,
286 1481 317 1546 id
338 1493 387 1548 est
408 1504 467 1568 per
488 1490 606 1547 terram
630 1482 787 1547 radicibus
806 1480 1074 1566 proserpentem.
1131 1478 1199 1544 Sed

62 1579 96 1632 et
118 1567 246 1632 Hecate
267 1590 287 1632 a
306 1568 441 1633 Graecis
472 1565 603 1646 diuitum
638 1562 757 1635 ἑκατὸν
779 1566 863 1631 enirn
883 1575 1021 1629 centnm
1041 1562 1198 1651 interpre-

62 1663 159 1719 tatur.
203 1648 279 1719 Hoc
311 1675 426 1718 nomen
455 1652 567 1719 sortita
600 1664 666 1731 est,
710 1650 796 1738 quod
825 1648 1069 1736 centuplicatum
1100 1660 1260 1736 segeslt·

61 1738 208 1826 proferat
241 1738 387 1827 fructum.
430 1737 572 1803 Hanoa
604 1738 742 1804 Plutone
763 1748 902 1825 raptam,
938 1734 970 1798 id
991 1745 1040 1801 est
1059 1736 1091 1800 in
1112 1747 1200 1802 terra

63 1833 177 1902 satam,
203 1846 275 1888 oum
292 1821 489 1910 lampadibus
512 1825 613 1889 Ceres
635 1825 794 1910 inquirere
812 1821 943 1901 dicitur;
966 1819 1099 1889 undeet
1120 1820 1199 1886 lam-

62 1909 221 1996 padarum
245 1907 312 1975 dics
338 1909 450 1975 Cereri
473 1908 678 1987 dedicantur,
697 1910 752 1974 illa
773 1907 917 1973 videlicet
938 1907 1079 1986 ratione,
1110 1906 1197 1994 quod

62 2009 210 2080 tempore
231 1995 438 2060 massiacum
462 1993 678 2081 lampadibus,
699 1995 800 2062 idest
822 1993 895 2059 solis
918 1993 1051 2070 terrore,
1075 1985 1214 2059 fruetn's'

62 2080 106 2146 ad
131 2080 311 2147 metendum
336 2103 408 2145 oum
431 2079 550 2166 gaudio
571 2082 782 2168 requirantur.
841 2079 1008 2164 Remigius
1030 2079 1240 2166 Proserpi-uu
1264 2071 1288 2119 ἰ

62 2170 138 2232 nam
167 2189 188 2231 e
212 2165 445 2252 proserpendo
475 2176 622 2232 vocatum
651 2165 728 2233 dicit
757 2176 789 2231 et
817 2165 890 2231 ideo
920 2164 1072 2251 puellam,
1109 2164 1197 2252 quod

61 2251 196 2340 singulis
217 2251 306 2316 anuis
341 2251 462 2316 semina
490 2261 663 2317 nascantur
697 2263 730 2335 et
766 2261 966 2320 renoventur.
1014 2249 1106 2315 Idem
1137 2254 1198 2318 vim

59 2332 235 2404 lrorbarum
272 2349 304 2403 et
342 2336 481 2402 omnium
518 2337 690 2418 seminum,
735 2350 828 2424 qnae‘
855 2337 897 2400 de
930 2347 1015 2402 terra
1048 2347 1197 2421 surgunt,
1243 2392 1246 2397 .

59 2426 185 2490 Proser
207 2422 292 2487 inam
328 2422 453 2509 aooipit.
501 2421 650 2511 Denique
689 2423 843 2489 Cererem
874 2421 963 2509 qnasi
995 2420 1152 2486 Creerern
1176 2444 1197 2486 a

58 2447 212 2574 creandi>
251 2519 285 2574 et
320 2506 500 2572 crescendo
526 2518 740 2596 nuncupatam
767 2509 861 2588 dicit,
904 2528 1038 2593 eamque
1066 2516 1238 2588 terreum

60 2617 150 2682 quae
169 2593 274 2658 omnia
297 2603 401 2672 creat,
429 2592 511 2662 sicut
532 2606 565 2661 et
586 2595 733 2673 Servius,
762 2618 832 2660 esse
852 2593 1027 2658 confirmat.
1071 2590 1195 2659 'Pullius
1305 2620 1313 2642 ·

60 2684 171 2747 tamen
200 2680 357 2745 Cererem
384 2678 474 2766 quasi
507 2678 670 2744 Gererem
697 2702 716 2743 a
743 2679 915 2767 gerendo,
954 2675 1041 2764 quod
1072 2676 1196 2749 fructus
1257 2710 1262 2719 .

59 2775 188 2853 gerat,
222 2765 323 2852 prime
342 2762 445 2832 littera
469 2786 547 2831 casn
567 2765 750 2844 immutata,
786 2764 902 2832 dietam
923 2764 1044 2830 asserit.
1096 2762 1197 2830 Flava

62 2850 182 2916 dieitur
210 2861 342 2939 propter
377 2849 545 2916 aristarum
579 2852 803 2919 maturitatem.
856 2851 951 2914 Hace
989 2847 1066 2914 dnm
1099 2848 1194 2915 filiaru

11 2955 14 2966 ·
60 2934 205 3025 quaerit,
233 2936 315 3002 Jove
336 2934 529 3002 admonente
564 2959 625 3024 per
645 2939 753 3004 eibum
782 2935 949 3023 papaveris
971 2934 1088 3001 dicitur
1109 2935 1236 3003 orbi-to

57 3021 136 3090 tatis
158 3019 264 3097 oblita.
306 3021 353 3093 Et
385 3040 495 3087 revera
525 3044 661 3110 papaver
691 3045 838 3108 soporem
870 3021 995 3109 giguit3
1031 3020 1195 3110 quodum

61 3107 214 3186 fruimur,
256 3107 331 3174 lieet
364 3107 482 3173 aestive
495 3138 499 3151 ·
514 3129 658 3174 annonae
700 3105 869 3192 aliquando
904 3105 1044 3194 penuria-
1074 3106 1195 3188 afflicti,

60 3192 253 3262 maturitatis
295 3203 400 3259 tamen
442 3195 676 3260 cunctationem
722 3193 825 3260 minus
844 3209 852 3216 ·
870 3192 1011 3280 graviter
1056 3192 1195 3260 serimus.

61 3281 156 3347 Alma
176 3279 217 3344 ab
238 3277 363 3371 alendo
392 3276 578 3366 dignissime
606 3276 813 3366 nuncupatur.
858 3279 1004 3366 Suntque
1033 3277 1101 3366 ejus
1121 3301 1196 3367 pro·

61 3365 155 3457 prise
176 3363 403 3444 caerimoniae,
434 3366 516 3431 siout
537 3376 570 3432 et
600 3365 709 3432 Liberi
731 3365 833 3452 orgia.
876 3363 990 3454 Leges
1018 3361 1119 3445 fertur
1146 3367 1236 3434 inat
1323 3438 1335 3449 ,

62 3451 207 3529 venisse,
239 3449 314 3537 qnia
334 3459 408 3515 aute
428 3450 589 3518 inventum
611 3453 785 3529 merere,
822 3458 857 3514 ut
881 3450 924 3515 ait
945 3449 1091 3530 Servius,
1130 3450 1197 3516 sru-

63 3546 206 3603 mentum
227 3535 343 3623 passim
366 3535 509 3610 homines
531 3538 599 3602 sine
630 3536 704 3624 lege
725 3537 942 3623 vagabantur;
977 3557 1061 3620 qnae
1088 3536 1197 3602 feritas

62 3624 240 3709 interrupta
263 3631 312 3688 est
334 3621 459 3690 invento
480 3646 540 3689 usn
554 3622 809 3703 frumentorum,
841 3634 1008 3710 postquam
1031 3643 1070 3684 er
1100 3642 1197 3708 agro-

62 3730 136 3775 rum
159 3706 308 3785 divisione
330 3718 405 3772 nata
427 3719 501 3775 sunt
520 3708 599 3796 jura.
643 3708 873 3793 Triptolemum
887 3705 1003 3771 dicitnr
1019 3705 1196 3788 adamasse,

62 3790 153 3882 qnod
174 3793 201 3858 is
222 3793 340 3881 primus
361 3793 392 3857 in
416 3795 573 3874 Graecia,
595 3794 677 3861 sicut
701 3794 732 3859 in
755 3799 901 3883 Aegypto
922 3791 1033 3880 Osiris,
1056 3805 1237 3864 aratrumdo

64 3890 100 3948 et
120 3900 270 3966 magnam
294 3878 509 3966 agriculturae
530 3891 651 3967 partem
673 3879 837 3946 adinvenit.
940 3878 945 3887 ’

55 4030 59 4038 ,
150 3966 183 4031 2.
225 3965 323 4031 Juxta
354 3968 606 4055 detnamrnpta
641 3964 709 4055 ejus
748 3959 978 4038 dieitur'lilia,
1017 3961 1124 4048 quod,
1163 3975 1199 4032 ut
1237 3973 1239 3977 '

64 4060 220 4127 testatur
243 4050 422 4130 Lucanuss
463 4051 569 4119 Sicilia
606 4051 736 4138 frugum
774 4063 821 4118 est
854 4047 1056 4114 feracissima.
1111 4050 1198 4115 Sane
1229 4104 1231 4113 .

65 4140 170 4203 Ceres
193 4159 212 4200 a
234 4136 314 4200 lorc
335 4138 464 4214 meruit,
502 4149 537 4204 ut
567 4138 759 4223 Proserpina
791 4157 845 4201 sax
879 4146 964 4199 esset
985 4135 1145 4200 mensibus
1166 4136 1198 4199 in

65 4223 159 4292 caelo
183 4245 254 4291 oum
278 4232 390 4305 matre,
407 4233 467 4292 'sex
491 4223 575 4311 apud
597 4224 715 4290 inl'eros
737 4244 808 4290 oum
831 4221 961 4302 marito;
982 4219 1070 4308 qnod
1088 4220 1261 4293 ficturum,
