2684 4606
132 158 213 241 iro
408 156 590 261 uyuogr.
619 157 691 233 u1.
745 158 786 235 o.
839 159 988 251 s-r,
1302 174 1306 340 p

219 342 365 413 &ntum
384 351 507 408 errant
526 364 646 424 annos,
662 342 878 435 volitantque
898 346 982 415 irasc
1002 344 1112 415 litora
1124 349 1267 419 circum.
1302 345 1306 425 .’

136 429 233 511 Quod
254 451 330 495 sero
350 427 392 495 de
416 427 521 517 Styge
541 427 676 515 legitur:
1293 470 1303 483 ·

218 514 274 582 Di
290 513 390 597 cujus
408 514 538 600 jurare
565 512 691 578 timent
722 521 758 577 et
780 508 914 595 Jallere
942 538 1069 583 numen
1092 550 1134 569 ι·-

136 600 311 671 secundum
324 595 445 665 labulas
456 596 528 663 ideo
542 608 601 676 est,
626 592 713 686 quod
724 592 839 665 dicitur
851 600 1002 683 Victoria,
1020 601 1218 692 Stygislilia,
1236 604 1265 671 in

111 688 218 757 sbello
254 685 430 773 Gigantum
455 683 527 751 Jori
564 682 694 765 farisse3
731 704 790 771 pro
819 684 909 775 cujus
937 688 982 753 rei
1012 691 1267 757 remuneratione
1300 736 1304 750 ·

134 773 286 863 Juppiter
316 770 345 835 ei
373 768 502 849 tribuit,
530 778 568 835 ut
596 790 655 858 per
686 765 754 857 ejus
779 781 914 838 matrem
932 772 975 839 dii
993 771 1139 875 jurantes
1159 774 1266 843 fellere
1296 800 1306 863 p

136 882 200 925 non
221 856 378 932 audeant,
410 854 472 919 hac
491 867 596 943 poena
616 855 805 929 constituta,
832 867 868 923 ut
895 856 921 924 si
950 882 1020 947 qma
1051 858 1120 948 ejus
1150 882 1264 933 nomen
1303 900 1306 906 ·

137 943 315 1021 fefellisset,
349 961 414 1005 uno
445 960 528 1004 anno
555 950 588 1006 et
607 937 656 1005 IX
676 937 789 1007 diebus
810 942 987 1009 ambrosiae
1007 956 1140 1013 nectare
1160 947 1264 1035 prohi-

135 1032 277 1095 beretur.
318 1024 389 1091 Ros
411 1036 517 1093 autem
535 1021 690 1091 tantillum
705 1035 763 1091 est
800 1027 880 1116 Styx
900 1051 1079 1097 maerorem
1097 1031 1265 1135 significat

96 1113 234 1183 loDicta
257 1121 308 1178 est
328 1109 410 1175 enim
432 1131 452 1175 a
472 1111 613 1201 σίυγέω,Ι
640 1106 745 1177 idest
766 1132 787 1176 a
808 1110 973 1180 tristitia.
1011 1113 1066 1181 Dii
1089 1138 1175 1185 emm
1193 1118 1265 1187 la'eti

136 1211 211 1268 sunt
227 1216 373 1285 semper3
401 1190 488 1260 unde
518 1204 551 1260 et
578 1192 771 1262 immortales
797 1219 891 1276 sane,
927 1198 982 1287 qui
1004 1222 1188 1270 maerorem
1206 1226 1266 1271 nou

135 1284 291 1362 sentiunt,
319 1300 379 1370 per
404 1301 473 1345 rem
493 1290 627 1346 naturae
646 1301 725 1346 suae
747 1282 936 1349 contrariam
951 1284 1084 1386 juraut3
1116 1286 1192 1357 ideo
1221 1289 1266 1381 ju·
1303 1304 1305 1312 '

136 1378 314 1437 ramentum
341 1386 401 1455 per
428 1364 659 1433 execrationem
686 1364 813 1434 habent
854 1366 938 1435 Nam
953 1370 1179 1459 jusjurandum
1196 1398 1266 1465 pro-

137 1454 222 1546 prie,
251 1452 310 1520 diis
338 1448 484 1517 alicunde
504 1451 637 1519 testibus
662 1450 831 1535 invocatis,
861 1476 1015 1543 prospera
1037 1470 1168 1545 optare,
1195 1484 1266 1527 exe

97 1542 238 1613 lucratio
267 1560 341 1605 vero
370 1535 504 1603 adversa
533 1536 710 1625 deposcere
739 1548 797 1604 est.
840 1537 938 1614 Quod
969 1552 1076 1610 autem
1105 1545 1267 1614 Victoriae

137 1638 239 1694 mater
260 1626 358 1714 Styx,
379 1621 412 1687 id
435 1633 484 1687 est
504 1621 658 1687 tristitia
679 1619 765 1689 dicta
785 1622 841 1706 sit,
865 1626 907 1692 ob
929 1625 991 1694 hoc
1008 1629 1120 1696 fictum
1134 1628 1266 1710 ridetur,
1302 1635 1305 1660 ²

137 1712 225 1802 quod
251 1712 283 1776 in
311 1706 534 1775 certaminibus
562 1705 763 1793 diligentiore
792 1711 979 1799 magisque,
1014 1724 1051 1781 ut
1079 1713 1125 1781 ita
1153 1715 1264 1795 dicem,
1301 1787 1304 1793 ,

139 1798 232 1864 anxia
262 1790 472 1861 sollicitudine
505 1789 661 1873 adbibita,
694 1792 840 1863 vincendi
871 1798 953 1865 ratic
976 1799 1180 1887 praesentior
1210 1815 1266 1883 est,
1301 1837 1304 1843 ·

9 1886 13 1897 '
138 1883 212 1971 quia
232 1882 326 1947 abre
346 1900 407 1942 nec
429 1876 492 1942 hoc
511 1875 645 1943 alienum
666 1887 724 1943 est
1300 1918 1304 1927 ·

96 1990 134 2039 20
214 1966 314 2034 Dum
333 1985 400 2027 non
423 1960 517 2027 laeta
531 1958 629 2045 suit,
655 1961 802 2049 defensa
829 1974 881 2029 est
901 1965 987 2031 Ilios
1006 1966 1119 2033 armis
1126 1992 1142 2048 3
1300 2036 1304 2049 ,

295 2042 473 2114 Militibus
491 2045 683 2133 gravidum
704 2045 798 2111 laeta
819 2050 949 2137 recepit
968 2074 1099 2139 equum.
1301 2064 1304 2141 l

136 2136 264 2205 Dicitur
284 2145 390 2203 tamen
412 2129 526 2196 eadem
548 2130 629 2219 Styx
649 2127 784 2199 deorum
803 2142 836 2199 et
856 2135 960 2201 nutrix
981 2149 1014 2202 et
1035 2135 1173 2228 hospita,
1217 2136 1265 2203 uia
1302 2146 1304 2223 l

138 2221 182 2288 dii
212 2222 254 2287 de
283 2217 376 2289 t‘erris
402 2235 462 2319 per
488 2215 727 2305 purgationem,
764 2239 859 2305 quam
887 2221 968 2310 Styx
995 2222 1082 2309 apud
1115 2159 1265 2313 quosdam

138 2307 311 2394 theologos
332 2303 509 2391 sigmficnt,
539 2300 677 2369 caeleste
698 2305 891 2371 consortium
909 2318 1104 2375 meruerunt.

95 2396 132 2447 2⁶
222 2395 253 2460 4.
296 2386 498 2477 Phlegethon
521 2410 540 2453 a
563 2381 663 2489 φλόξ,
681 2386 715 2453 id
743 2399 792 2456 est
804 2388 958 2480 flamma
980 2391 1084 2460 dictus
1106 2404 1167 2461 est
1208 2394 1267 2461 Est
1300 2396 1304 2471 Ξ

137 2478 222 2545 enim
251 2487 338 2545 totus
358 2472 473 2576 igneus
495 2473 635 2539 ambiens
664 2472 839 2555 infernum,
866 2474 998 2545 ardores
1017 2478 1139 2545 irarum
1159 2488 1195 2545 et
1215 2502 1267 2545 cu-
1301 2520 1304 2551 ÷

136 2563 322 2653 piditatum,
341 2562 456 2650 qulbus
476 2557 604 2625 humani
629 2557 849 2625 accenduntur
868 2561 978 2644 animi,
1010 2564 1152 2651 figurate
1171 2563 1266 2654 signi·
1300 2560 1304 2613 ¹

137 2652 246 2717 licans.
287 2646 386 2714 Hunc
406 2657 514 2714 tamen
534 2643 587 2732 qui
608 2641 699 2710 altius
722 2645 865 2735 sapuisse
887 2646 1049 2731 videntur,
1076 2648 1171 2740 hujus
1188 2650 1266 2717 inle-

137 2735 229 2801 rioris
250 2731 332 2802 airis
368 2741 515 2797 naturam
543 2726 704 2795 turbidam
735 2742 769 2798 et
790 2731 1007 2821 corpulentam
1031 2735 1177 2823 figurare
1199 2756 1268 2839 per·

95 2828 131 2875 ³⁰
139 2820 265 2902 hibent,
302 2838 386 2905 quae
424 2812 571 2881 videlicet
607 2826 758 2884 concreta
789 2827 838 2884 est
868 2818 944 2906 igne
979 2817 1021 2885 de
1054 2820 1267 2909 superioribus

137 2917 263 2987 tracto,
294 2913 329 2968 et
349 2922 432 2988 aqua
452 2897 496 2965 de
515 2898 715 2968 interioribus
741 2900 873 2983 hausta,
908 2928 947 2972 ex
975 2904 1089 2993 quibus
1115 2910 1174 2973 asir
1192 2907 1267 2974 den-

136 2989 234 3059 sescit
262 2998 294 3056 et
313 2985 524 3063 incrassatur,
555 2984 671 3073 inquo
693 2989 889 3075 peccatrices
911 2988 1035 3058 animae
1057 3013 1120 3079 pur
1145 2991 1194 3059 ari
1234 3016 1267 3059 u·
1294 3056 1299 3069 ,

137 3086 253 3143 tantur.
293 3069 442 3137 Eundem
465 3067 732 3157 Phlegethontem
754 3074 907 3155 nonnulli,
936 3075 990 3165 qui
1017 3099 1038 3141 a
1059 3014 1149 3145 caedi
1174 3016 1266 3145 inhr-

138 3184 215 3228 num
241 3157 303 3224 inci
327 3178 382 3221 ere
412 3165 596 3237 autumant,
627 3158 739 3227 Martis
773 3160 923 3228 circulum
956 3159 1083 3241 dicunt,
1120 3162 1205 3231 sicut
1237 3174 1268 3229 ct

95 3265 270 3333 oscampos
321 3242 425 3331 lysios,
447 3263 527 3391 (pum
544 3239 638 3345 apud·
652 3243 771 3313 inferos
794 3246 899 3313 sabulo
923 3247 1095 3328 constituit,
1118 3248 1267 3316 circulum

137 3332 225 3400 Jovis
245 3351 317 3397 esse
337 3338 451 3394 conten
477 3338 540 3394 unt
583 3328 639 3394 dlu
660 3340 782 3411 tamen,
809 3344 845 3399 ut
866 3334 909 3398 ait
930 3333 1079 3413 Seruius,
1107 3332 1139 3399 in
1161 3334 1265 3403 insulis

139 3415 306 3486 fortunatis
325 3412 451 3503 Elysios
472 3435 544 3479 esse
565 3411 718 3498 credunt3
749 3411 845 3495 λύσις
874 3429 979 3485 autem
1004 3417 1171 3484 resolutio
1192 3420 1265 3488 dici-

139 3519 208 3583 tur,
241 3496 328 3591 quod
359 3496 502 3565 videlicet
530 3496 591 3566 illic
619 3501 758 3583 animae,
792 3503 922 3571 maculis
962 3502 1068 3570 carnis
1101 3506 1265 3579 resolutae.

140 3587 334 3656 beatitudine
356 3583 475 3673 perfrui
496 3596 654 3672 putantur.

98 3683 134 3733 40
223 3676 254 3740 5.
294 3671 399 3737 Porro
421 3667 463 3735 de
483 3670 592 3758 poenis
613 3662 816 3737 inlernalibus
839 3683 1055 3762 competentes
1074 3672 1182 3743 reddit
1201 3674 1264 3741 bu·

138 3759 255 3827 cretius
276 3756 432 3837 rationes3
462 3766 494 3823 et
519 3777 602 3843 quae
625 3754 666 3820 de
686 3754 794 3823 inferis
815 3757 998 3847 linguntur,
1027 3760 1132 3827 omnia
1154 3760 1187 3826 in
1208 3760 1263 3825 rita

139 3854 247 3911 nostra
278 3865 351 3911 esse
384 3842 558 3908 confirmat
599 3840 686 3907 Dicit
717 3863 869 3930 namque,
904 3844 1054 3935 Tityum,
1092 3844 1261 3913 vulturibus

134 3930 227 4020 jecur
247 3925 425 3993 laniandum
454 3924 598 4004 dantem,
629 3947 771 3993 amorem
802 3952 895 4011 esse,
930 3930 994 3998 hoc
1021 3938 1070 3996 est
1097 3929 1261 4005 libidinem,

142 4037 224 4103 quae
243 4011 288 4080 ita
309 4012 483 4080 secundum
512 4011 659 4103 physicos
680 4009 711 4077 in
727 4013 857 4102 jecore,
884 4015 967 4083 sicut
993 4014 1074 4082 risus
1098 4015 1129 4082 in
1152 4015 1261 4106 splene,

100 4098 303 4175 isiraoundia
328 4099 360 4164 in
391 4097 462 4165 selle
489 4109 546 4165 cst
587 4097 682 4164 Unde
714 4109 747 4165 et
771 4098 865 4190 jecur
894 4124 1021 4167 exesum
1051 4098 1216 4169 arulture
1233 4098 1261 4163 in
1298 4105 1302 4145 ¹

142 4206 277 4277 poenam
307 4184 429 4253 renasci
457 4180 580 4251 dicitur.
631 4182 760 4253 Etenim
789 4206 826 4253 re
854 4184 951 4256 semel
977 4196 1123 4276 peracta,
1153 4184 1261 4255 libidini
1297 4183 1302 4232 Ι

838 4384 844 4393 ’
1272 4248 1302 4581 ιΙ
