2684 4606
53 163 58 175 ’
133 194 190 269 ro
423 192 607 299 myrran.
636 194 670 266 1.
726 188 985 267 ras-raa.

134 379 296 458 Minerva,
341 377 432 467 quasi
462 398 589 442 monus
621 374 756 441 artium
787 376 920 442 variae.
977 374 1058 442 Ideo
1090 386 1198 445 autem
1233 375 1276 446 de

134 466 240 553 capite
268 462 356 530 Jovis
386 462 503 530 dieitur
534 484 607 527 esse
638 472 731 539 nata,
767 461 843 549 quia
872 483 985 529 sensus
1015 462 1185 545 solentis,
1221 464 1276 551 qui

134 551 252 617 invenit
272 549 395 629 omnia,
424 549 456 614 in
479 547 585 634 eapite
606 558 665 612 est
708 547 804 613 Haeo
823 558 856 613 et
875 547 1022 614 Tritonia
1043 484 1175 629 datur,
1201 549 1276 635 quia

136 638 223 702 oiroa
244 635 424 702 'l'ritonium
448 632 551 698 laeum
579 631 696 698 dieitur
722 654 762 719 ap
786 633 908 699 aruisse
934 633 965 698 in
993 634 1040 699 vir
1064 633 1137 699 ‘nali
1159 646 1276 702 aetate.

111 721 241 787 ol‘allas
262 732 368 787 autem
390 717 504 784 eadem
527 728 578 784 eat
598 717 700 797 diota,
730 742 747 782 v
801 719 843 783 ab
864 717 965 785 insula
986 720 1045 785 Pal
1056 740 1134 793 ene,
1158 719 1191 786 in
1212 742 1276 808 qua

135 808 251 874 nutrita
275 819 343 887 est;
375 803 423 872 vel
447 796 516 873 ἀπὸ
538 805 598 871 τοῦ
624 796 785 883 πάλλειν,
812 803 847 869 id
872 816 920 870 est
943 806 984 870 ab
1007 805 1129 870 lanatae
1153 804 1276 871 incur·
1322 884 1324 889 Ι

133 892 245 977 sione3
276 892 324 959 vel
344 886 433 981 q'uod
454 887 632 956 Pallantem
653 888 829 975 Gigantem
853 889 982 958 oceidit.

361 1072 459 1151 125.
510 1071 716 1149 Miner-ra
749 1086 793 1148 et
823 1072 1046 1175 Marsyas.

221 1198 364 1268 Minerva
399 1201 514 1271 eadem
550 1226 590 1271 ex
621 1225 695 1271 osse
727 1199 822 1270 tibias
853 1200 980 1271 iurauit
1043 1202 1129 1269 (ium
1162 1201 1278 1291 quibua

96 1299 236 1373 loquum
275 1287 308 1352 in
339 1290 494 1356 oonririo
534 1286 669 1357 deorum
708 1287 896 1367 cecinisset,
945 1286 1078 1378 ejusque
1118 1300 1279 1359 tumentes

136 1373 257 1439 buooas
272 1371 326 1473 ⁰dii
348 1395 459 1442 omnes
480 1371 669 1477 irrisissent‚
698 1371 814 1440 illaad
835 1373 1014 1441 Tritoniam
1035 1372 1183 1463 paludem
1204 1388 1280 1479 pep-

136 1460 562 1633 iiiinliniqlidiiled
581 1458 887 1625 tibitibi
902 1458 1280 1634 {inrubuit}
1317 1622 1320 1627 ,

137 1652 212 1719 syas
242 1630 395 1717 repertis,
438 1631 565 1699 doctior
595 1632 720 1710 factus,
757 1629 934 1717 Apollinem
963 1642 1206 1699 oonaertamrus
1236 1630 1279 1699 de

96 1732 130 1781 15
139 1715 283 1782 cantibus
316 1718 517 1802 provocavit3
557 1727 591 1782 et
622 1716 717 1781 ambo
749 1715 808 1780 sibi
839 1714 961 1781 Midam
992 1737 1106 1803 rogem
1133 1715 1280 1806 judicem

137 1800 292 1887 deligunt.
344 1803 446 1892 Cujus
474 1800 591 1867 ‘udicio
619 1801 766 1889 Marsyas
797 1800 898 1867 rictus
927 1823 1048 1890 poenas
1100 1802 1208 1883 eudit,
1239 1826 1280 1871 ao

138 1907 312 1973 suspensus
340 1898 374 1953 et
401 1827 578 1967 enudatos,
611 1907 715 1973 usque
742 1884 786 1951 ad
814 1908 927 1951 neoem
954 1824 1140 1954 verberilu·
1169 1890 1212 1953 ab
1236 1912 1279 1965 ¹no

139 1984 189 2039 est
210 1993 341 2054 oaesus;
372 1986 405 2041 et
427 1984 551 2039 tantum
572 1970 737 2059 sanguinis
762 1971 812 2040 sui
834 1971 939 2037 susum
960 1984 1026 2055 est,
1053 1972 1183 2041 alfonsi
1204 1974 1280 2041 inde

137 2068 339 2131 nasceretur,
373 2058 464 2149 cujus
491 2058 650 2125 Juvenalis
673 2055 830 2136 meminit,
858 2053 988 2127 dicens:
1029 2057 1097 2129 Oea
1129 2058 1281 2148 Marsya

95 2143 264 2209 doviatus.
315 2142 373 2209 Alii
395 2142 550 2223 traduat,
581 2141 669 2232 qnod
697 2142 868 2232 Nymphae
895 2142 1002 2232 Satyri
1026 2166 1083 2221 ue,
1114 2144 1281 2233 ceterique

136 2228 219 2294 ruris
250 2228 374 2296 incolae
406 2230 438 2295 in
471 2240 594 2297 tantum
627 2228 788 2319 Marsyam
821 2228 972 2317 Satyrum
1003 2166 1085 2296 lletu
1117 2232 1281 2331 prosecuti

137 2325 229 2392 aunt,
262 2314 350 2403 quod
372 2316 440 2405 ejus
462 2327 557 2383 cantu
580 2314 709 2383 carituri
730 2325 854 2395 essent,
885 2323 922 2380 ut
943 2338 984 2382 ex
1007 2314 1145 2380 lacrimas
1167 2338 1282 2386 eorum

137 2401 256 2464 llumen
292 2403 447 2481 creverit,
488 2399 576 2490 quod
609 2400 755 2490 Marsyas
794 2398 919 2467 dieitur.
985 2398 1125 2475 Quidam
1159 2397 1280 2483 dieunt,

138 2484 256 2550 Midam
279 2508 392 2572 regern
414 2510 478 2553 non
497 2499 588 2555 reete
609 2484 785 2572 iudicasse,
809 2496 843 2551 et
860 2486 903 2551 ob
923 2484 958 2552 id
974 2507 1069 2553 aures
1091 2486 1121 2551 ei
1142 2487 1280 2557 asininas

96 2572 182 2638 abab
203 2572 345 2660 Apolline
368 2571 549 2663 deputatas.
592 2571 668 2644 Sed,
684 2572 748 2639 hoo
769 2570 855 2637 abas.
1106 2580 1112 2605 ¹

248 2814 253 2825 .
286 2753 378 2830 126.
432 2758 631 2857 Priapus
662 2766 705 2831 el
739 2724 881 2831 Lotus
913 2754 1130 2857 Nympha.

223 2881 325 2950 Latos
358 2882 510 2975 Nympha
548 2885 708 2975 quaedam
747 2886 815 2954 fuit.
863 2885 969 2961 Quam
1005 2906 1104 2971 quum
1140 2899 1280 2955 amatam

138 2965 275 3054 Priapus
308 2971 548 3058 insequeretur,
588 2972 639 3037 illa
668 2970 803 3037 deorum
836 2972 1040 3037 miseratione
1068 2971 1099 3035 in
1131 2974 1281 3041 arborem

138 3074 231 3119 versa
264 3068 332 3136 ost,
375 3079 459 3143 quae
492 3056 542 3123 rol
570 3079 589 3123 o
617 3054 708 3145 faba
740 3056 891 3160 Syriaca
922 3056 1045 3123 dioitur.
1110 3056 1179 3123 Sed
1211 3061 1282 3147 ipse

97 3138 277 3228 aoPriapus
293 3139 400 3228 pulsus
419 3152 470 3210 est
484 3142 527 3209 de
542 3078 725 3230 {ampsaoo
745 3142 872 3210 onitate
889 3152 1019 3230 propter
1035 3141 1128 3208 virilis
1145 3148 1281 3212 membri
1309 3196 1315 3207 .

139 3229 402 3312 magnitudinem.
418 3229 581 3298 Posteain
591 3249 756 3295 nnmerum
766 3227 899 3293 deorum
909 3238 1069 3314 receptus,
1080 3232 1281 3299 numenbor-

140 3322 244 3378 torum
260 3337 332 3380 esse
349 3314 471 3381 meruit.
516 3315 568 3381 De
585 3315 648 3381 hoo
664 3314 836 3381 Horatius:
867 3313 980 3379 birras
995 3312 1125 3377 dextra
1148 3318 1283 3384 coe‘ioat

309 3397 527 3487 Obscenoque
547 3398 650 3465 ruber
664 3403 843 3489 projectus
870 3396 913 3463 ab
939 3399 1089 3497 inguine
1110 3400 1229 3487 palus.
1296 3446 1301 3455 ·

308 3483 380 3548 Ast
408 3482 629 3572 importunas
653 3484 808 3552 volueres
834 3482 873 3549 in
902 3493 1031 3550 vertare
1057 3484 1197 3551 arundo

97 3574 134 3624 ³5
316 3567 439 3633 Terret
456 3566 552 3655 fixa,

139 3642 265 3716 Dicitur
292 3662 399 3719 autem
428 3677 581 3742 praeesse
607 3652 709 3723 hortis
737 3663 870 3743 propter
899 3672 1011 3719 eorum
1040 3651 1283 3728 fecunditatem·

137 3734 223 3817 Nam
252 3759 350 3825 quum
380 3737 440 3804 alia
467 3753 555 3809 terra
584 3740 768 3809 seminalem
799 3740 861 3809 vim
891 3744 1039 3821 solimet,
1074 3740 1162 3811 horti
1189 3740 1285 3815 uum·
1312 3751 1321 3807 .’

139 3843 234 3909 quarn
255 3824 324 3889 sine
346 3824 502 3894 fructibus
523 3840 606 3896 sunt
1185 3852 1189 3859 ·

434 3994 527 4068 127.
582 3996 679 4069 Pan
711 3994 987 4096 figurativo.

97 4144 133 4195 lo
224 4127 294 4193 Pan
318 4125 464 4192 deusest
483 4123 636 4202 rusticus,
661 4124 693 4189 in
712 4136 848 4190 naturae
864 4124 1019 4190 formatus
1040 4121 1289 4195 similitudinem.
1318 4174 1323 4183 .

131 4210 232 4276 Unda
249 4226 286 4281 et
307 4213 397 4281 Pan
421 4212 526 4279 dietus
547 4221 612 4285 est,
635 4209 736 4278 idest
756 4232 864 4276 outae.
906 4210 1019 4276 Habet
1045 4207 1291 4291 enimoornua,

142 4498 247 4574 ..ff
