2692 4606
335 151 518 254 Mythogr.
547 134 599 225 11².
659 136 802 227 rto-'-
820 150 914 235 ltu.
964 228 968 233 ,
1056 155 1066 174 ’
1127 147 1218 227 tta·

411 336 507 423 150.Ι
562 337 853 428 Ρεεᾶὶοοε,.
993 298 999 305 -
1110 311 1112 315 Α
1290 274 1294 282 Ι

29 436 36 450 ’
142 453 303 525 Perdicca
324 466 455 524 venator
478 455 553 536 luit,
578 457 770 548 Polycastae
782 454 883 537 filiu's,
903 455 960 546 qui
979 452 1093 524 matris
1105 453 1202 525 deum

54 563 170 612 amore
198 554 381 632 correptus,
419 541 497 609 dum
525 553 559 609 et
585 543 775 614 immodesta
803 542 934 611 libidine
966 541 1126 623 ferveret,
1168 554 1203 612 et

54 627 253 707 verecundia
280 628 351 695 novi
381 627 531 694 facinoris
550 631 753 713 tabesceret,
785 629 827 696 ad
858 639 1033 696 extremam
1064 628 1206 696 maciem

56 714 220 783 deductus
252 738 323 782 csse
355 713 480 783 dicitur.
530 714 594 789 Qui
622 716 741 804 primus
771 717 867 784 etiarn
897 736 1020 781 serram
1045 712 1224 795 invenisses

57 800 190 869 dicit'ur.¹
232 799 301 867 Sed
327 804 364 866 ut
385 799 567 868 Fenestella
588 801 738 869 Martialis
759 802 888 876 scribit,
916 797 970 865 hic
988 797 1125 888 primurn
1147 824 1204 867 ve«

57 899 155 975 nator
183 886 252 955 luit
296 887 359 954 Cui
390 910 487 975 quum
508 885 630 953 ferinae
651 886 759 954 caedis
781 896 915 991 eguenta
937 885 1070 969 vastatio
1087 896 1126 954 ·et
1147 908 1202 951 ra-

56 971 215 1060 gabuuda
245 971 373 1039 errandi
403 971 558 1039 curs-ilites
590 973 638 1040 dis
661 973 787 1056 liceret,
820 985 853 1042 et
882 971 1086 1039 contiroletas
1113 994 1202 1053 suos,
1250 984 1252 989 ’

56 1058 171 1126 idest
200 1060 411 1140 Actaeonem,
446 1057 609 1141 Adonem,
679 1059 853 1150 ippolytum
887 1056 1088 1124 miserandae
1113 1058 1203 1126 necis

52 1145 190 1229 'functos
218 1145 346 1212 interitu
375 1144 588 1233 perspiceret,
622 1147 775 1231 pristinae
808 1142 867 1213 arti
901 1142 1091 1231 repudians,
1129 1143 1246 1232 agrino

60 1228 219 1298 culturam
247 1243 379 1297 secutus
406 1244 464 1297 est.
515 1232 568 1296 0b
595 1254 691 1317 quam
720 1253 789 1297 rem
811 1242 945 1298 matrem
967 1229 1080 1309 derim,
1110 1230 1203 1316 quasi

57 1328 190 1397 terram,
211 1317 349 1399 omnium
372 1316 579 1402 genetricem,
601 1337 727 1383 amasse
745 1316 871 1385 dicitur.
903 1315 978 1388 Quo
993 1314 1104 1381 labore
1125 1337 1204 1381 con·

57 1413 185 1470 sumtus
204 1398 299 1470 etiam
319 1401 361 1467 ad
385 1403 518 1468 maciem
540 1403 721 1491 pervenisse
743 1402 867 1471 dicitur.
897 1399 956 1474 ἱΕἴ
982 1401 1055 1488 quia
1079 1401 1222 1479 cunetis,

59 1488 265 1555 venatoribus
296 1486 339 1553 de
361 1489 513 1576 pristinae
533 1488 609 1556 artis
631 1489 805 1577 opprobrio
828 1483 1037 1565 detrahebat,
1069 1507 1202 1569 serram,

56 1572 95 1640 id
125 1585 173 1641 est
192 1572 436 1661 maliloquium
460 1574 576 1644 dicitur
600 1574 790 1662 repperisse.
833 1575 972 1642 Matrem
994 1581 1101 1638 autem
1127 1575 1245 1640 Ilo-1⁶
1340 1657 1343 1661 .

57 1652 231 1748 Acadcrpr
250 1656 378 1741 habuit,
404 1660 496 1748 quasi
519 1654 768 1750 Πολυκάρπην,
795 1658 884 1751 quod
904 1679 963 1726 uos
983 1655 1102 1726 Latine
1123 1656 1203 1726 dici·

57 1766 133 1813 mus
153 1741 437 1833 miultisrcctum,
459 1744 494 1814 id
515 1757 564 1814 est
585 1757 715 1813 terram.

372 1864 463 1944 151.
516 1852 889 1968 Bellerophon.

146 1982 380 2073 Bellerophon,
414 1985 530 2052 Glauci
558 1985 657 2068 lilius,
685 2008 782 2075 quum
812 1986 945 2074 ignarus
972 1986 1013 2055 ad
1035 1986 1203 2069 Proetum,
1284 2042 1288 2057 .

56 2069 192 2137 Abantia
218 2070 335 2151 filium,
369 2092 482 2173 regem
510 2075 664 2154 venisset,
697 2084 731 2138 et
757 2094 839 2139 uxor
865 2073 977 2142 Proeti
1006 2075 1247 2154 Stenoboea,uo

54 2154 127 2222 sire
144 2155 247 2243 Aulia,
269 2176 379 2223 amore
398 2179 467 2247 epus
488 2158 628 2239 incensa,
649 2170 687 2226 ut
705 2180 816 2226 secum
837 2160 1076 2243 concumberet,
1099 2162 1141 2226 ab
1163 2182 1204 2226 eo

57 2239 148 2307 nullo
175 2242 473 2332 modoimpetrare
503 2245 677 2333 potuisset,
707 2245 797 2333 apud.
824 2267 918 2314 suum
949 2247 1050 2311 virum
1072 2245 1205 2312 mentita

56 2328 131 2406 est,
158 2329 199 2393 ab
221 2351 261 2394 eo
282 2351 320 2394 se
341 2351 400 2417 pro
423 2331 509 2398 coitu
531 2329 761 2418 interpellatam
786 2329 895 2397 luisse.
938 2331 1078 2399 Proetus
1099 2331 1205 2397 Belle·
1307 2362 1311 2371 r

54 2412 249 2499 rophontem
270 2413 312 2481 ad
332 2416 500 2495 Abantem,
523 2438 671 2483 socerum
693 2438 797 2496 suum,
823 2418 921 2497 misit,
950 2418 1004 2504 qui
1026 2430 1059 2483 et
1076 2417 1204 2483 Iobates

56 2497 194 2578 dicitur,
221 2511 255 2568 et
276 2498 319 2566 de
340 2498 453 2568 eadem
476 2523 512 2567 re
534 2502 563 2567 ei
585 2500 709 2568 tabulas
733 2523 847 2568 socero
869 2501 1079 2590 perferendas
1102 2501 1248 2569 tradi-ao

57 2584 118 2651 dit.
161 2584 287 2659 Quibus
308 2585 409 2667 lectis,
432 2588 518 2654 Abas
539 2588 720 2655 interlicere
743 2587 840 2654 voluit
861 2587 956 2654 talem
978 2589 1089 2654 virum.
1133 2584 1202 2652 Sed

57 2691 159 2758 quum
185 2670 237 2737 ille
264 2671 433 2760 prudentia
457 2697 516 2740 sua
547 2687 580 2741 et
615 2674 767 2741 castitatis
797 2674 911 2740 auxilio
939 2696 976 2740 se
1004 2677 1045 2739 ab
1073 2673 1204 2740 instanti

56 2754 202 2859 periculo
230 2758 413 2838 liberasset,
449 2770 575 2840 tamen,
608 2771 646 2826 ut
678 2758 859 2848 pudicitiam
890 2763 1043 2848 probaret
1071 2758 1205 2846 periculi

55 2843 255 2922 ammanitas,
275 2841 319 2910 ad
339 2844 589 2911 interficiendam
606 2844 828 2927 Chimaeram,
851 2868 890 2910 eo
914 2858 1059 2935 tempore
1080 2845 1204 2935 Lyciae

56 2950 159 3015 agros
173 2940 358 3010 vastantem,
378 2930 491 2998 missus
510 2943 568 2999 est
595 2931 783 3011 Quamille,
805 2954 888 3019 equo
911 2930 1043 3019 Pegaso
1066 2943 1246 3017 acceptoao
1319 2969 1323 2983 ι

55 3012 281 3101 (miseratione
299 3013 435 3083 deorum
457 3015 499 3083 de
521 3017 679 3104 sanguine
701 3019 880 3104 Gorgonae
900 3017 996 3103 nato)
1024 3017 1202 3106 impositus,

56 3101 240 3203 prostravit.
283 3100 455 3169 Chimaera
473 3113 578 3170 autem
601 3102 687 3169 dicta
708 3114 759 3169 est
781 3103 882 3170 bestia
905 3126 963 3169 ore
983 3103 1061 3184 leo,
1077 3115 1203 3190 postre-
1265 3092 1279 3113 ⁸

53 3208 118 3253 mre
130 3187 280 3341 partibus
303 3186 420 3270 draco,
443 3189 549 3254 media
570 3200 662 3279 parte
682 3210 789 3278 capra.
832 3189 962 3255 Revera
982 3201 1088 3256 autem
1110 3210 1202 3255 mons

25 3294 29 3301 ·
55 3282 110 3339 est
161 3272 280 3355 iliciae,
306 3272 397 3365 cujus
422 3274 582 3363 hodieque
603 3273 696 3341 ardet
715 3296 888 3354 cacumen,
910 3275 1055 3363 quisunt
1074 3273 1201 3356 leones3
1261 3298 1264 3305 ·

53 3355 163 3425 media
183 3370 290 3427 autem
312 3382 432 3449 pascua
452 3372 542 3443 suut3
562 3360 719 3427 imovero
741 3360 856 3426 montis
876 3362 1078 3450 serpentibus
1120 3360 1242 3432 lenaas

55 3444 159 3510 Hunc
180 3444 393 3534 Bellerophon
419 3445 619 3512 habitabilem
642 3444 738 3526 fecit;
759 3443 846 3512 unde
861 3446 1065 3514 Chimaeram
1085 3384 1202 3512 ‹hcitur

54 3528 225 3597 occidisse.
265 3530 441 3599 Interiecta
460 3545 566 3600 autem
587 3530 865 3620 aBellerophon'te
880 3532 1062 3611 Chimaera,
1084 3532 1201 3601 iterum

57 3613 102 3705 ad
123 3612 295 3683 vincendos
316 3616 500 3708 Calydonas
520 3619 635 3685 missus
657 3629 715 3684 est
758 3616 883 3693 Quibus
904 3619 1010 3705 victis,
1036 3619 1120 3684 Abas
1141 3616 1201 3683 im·
1271 3678 1273 3687 ,

54 3710 154 3790 pacta
170 3701 410 3790 Bellerophonti
432 3704 563 3771 crimina
579 3703 726 3784 abolevit,
746 3703 957 3791 virtutemque
972 3705 1040 3794 ejus
1055 3701 1201 3783 laudans,

10 3816 23 3867 p
54 3787 188 3855 alteram
215 3787 312 3855 liliam
342 3812 433 3857 suam
460 3789 641 3857 Alcimenen
671 3789 701 3853 ei
723 3809 855 3855 uxorem
876 3787 976 3857 dedic
1017 3792 1059 3859 At
1081 3789 1241 3859 Stena-tt

10 3872 19 3969 Ι
55 3874 159 3958 hoca,
188 3873 397 3964 recognita,
423 3876 582 3966 seipsam
604 3874 775 3943 interiecit.
872 3878 876 3897 “

309 4001 403 4081 152.
457 4007 681 4107 «luppiter
722 4018 766 4082 et
798 4005 952 4110 Leda.-

13 4130 19 4179 t
138 4122 182 4190 Ju
207 4122 297 4212 piter,
316 4124 350 4192 ia
370 4123 511 4213 speeiem
533 4125 629 4214 cygni
649 4110 832 4204 conversus,
854 4146 927 4191 curu
948 4120 1052 4199 Leda,
1074 4121 1202 4191 'l'hestii

14 4212 18 4265 ἵ
54 4209 136 4293 tilia,
204 4208 316 4299 yndari
342 4231 461 4293 uxore,
494 4233 561 4279 rem
592 4212 711 4280 habuit.
754 4212 848 4286 Quae
872 4209 914 4277 de
933 4211 1015 4278 Jore
1036 4210 1200 4277 Pollucem

11 4390 30 4573 l.
