2684 4606
489 206 780 269 PROOEMIUM:
1161 210 1203 266 11

57 379 187 473 „libro
218 378 263 453 de
293 376 435 453 herbis·
423 428 435 475 ,
475 390 512 451 et
540 379 713 455 Leontius
742 376 1040 502 mythographns,
1079 396 1202 457 auctor

56 484 239 575 „minime
259 476 392 575 malus,
413 481 662 581 superioribus
685 484 786 556 annis
808 508 829 555 a
850 481 1106 558 nobistantum
1130 513 1204 559 non
1235 566 1239 573 ¹
1282 528 1283 531 ¹

55 583 139 677 „ah
184 583 306 656 inferis
349 586 542 675 excitatus,
594 595 630 656 et
669 585 857 683 aliqnando
895 611 975 657 oum
1016 587 1203 688 philologis
1239 576 1242 581 ’

55 686 421 779 ,,οοιιιιιιὶιιιὶιιιιιι1ιιε.
425 687 449 721 ''
517 679 590 757 At
614 712 703 784 quae
735 689 936 760 Brassieani
969 689 1076 762 verha
1108 694 1202 763 Bur·

55 814 206 862 mannus
238 788 407 862 adnotat-t¹
445 793 552 860 “non
585 792 779 886 praestitit,
823 800 858 863 et
886 790 1056 863 Leontius
1085 792 1202 866 adhue

57 891 201 985 „latet,
239 901 300 963 aut
330 892 433 989 periit
462 891 498 961 in
527 889 619 962 hello
644 892 869 965 smalhaldieo
898 917 987 964 oum·
995 897 1202 967 -numerosis

58 994 176 1084 „aliis
216 991 320 1066 honis
360 991 605 1090 scriptoribus
614 994 637 1029 ''
711 995 798 1068 elam
836 1020 918 1067 vero
955 995 1044 1066 illud
1081 997 1203 1070 inediti

55 1095 197 1169 Leontii
222 1095 356 1168 dictum
383 1120 506 1192 reapse
531 1106 625 1168 extat
656 1097 762 1195 apud
776 1106 934 1170 nostrum
957 1100 1097 1170 tertium
1126 1127 1203 1199 mp-

56 1196 336 1297 thographum'
325 1225 362 1268 ιιι
386 1207 538 1268 tractatu
561 1198 640 1288 XI,
676 1195 835 1297 §10
805 1224 877 1271 sm·
912 1215 1059 1298 promen
1083 1201 1206 1276 Morti
1242 1229 1246 1239 “

58 1301 259 1393 dedicatur,
287 1300 373 1401 quio
396 1301 590 1370 seeundum
605 1299 811 1372 Plinium
796 1329 832 1372 m
857 1302 1019 1373 naturali
1036 1303 1200 1396 historin,
1217 1342 1226 1358 ν

59 1427 101 1473 ιιι
131 1402 288 1474 humano
324 1428 451 1473 murore
480 1412 724 1499 procreatur.-
721 1444 786 1460 --
854 1402 960 1475 Unde
994 1414 1041 1476 et
1062 1432 1204 1477 romono
1197 1408 1224 1439 ”

58 1504 166 1575 neoris
187 1505 336 1605 fuerat,
380 1530 460 1576 eoru
491 1504 536 1575 de
563 1530 605 1576 re
632 1500 788 1576 bellico
785 1516 997 1604 operetur,
1021 1517 1056 1577 e't
1083 1508 1206 1581 Morti

55 1605 338 1706 sacrificaretur,
379 1633 461 1678 oros
487 1608 698 1678 constituere
724 1610 937 1705 prostituens.
1000 1607 1101 1709 Ergo
1126 1637 1213 1708 my·-

56 1706 276 1807 thographus
299 1707 358 1779 hie
379 1710 561 1781 vaticanus
584 1708 758 1780 Leontius
779 1719 854 1800 est,
888 1709 1101 1783 Brassioano
1123 1724 1203 1786 ante

56 1834 168 1882 annos
201 1808 376 1883 ιιιιιιιιοε
406 1813 522 1902 visus,
565 1808 692 1882 deinde
725 1813 909 1909 temperis
918 1810 1044 1910 injuria·
1077 1814 1203 1886 iterum

55 1912 208 1984 tenebris
233 1911 414 2033 ohrutus,
429 1932 525 1984 nuno
550 1938 570 1983 a
594 1939 649 1984 me
675 1912 814 1986 demum
841 1939 907 2011 ope
930 1914 1091 1986 codicum
1114 1917 1202 1987 vati

56 2038 224 2087 canorum
255 2017 293 2086 in
320 2018 563 2114 sempiternam
589 2014 706 2091 lucem
735 2014 943 2088 vindicatus
997 2017 1078 2089 Nisi
1109 2020 1202 2091 enirn

55 2116 287 2190 Brassioanus
310 2116 476 2190 Leontii
472 2143 605 2189 nomen
636 2119 672 2188 in
700 2117 821 2190 codiee
847 2144 912 2190 suo
939 2117 1103 2215 vidisset,
1140 2123 1212 2220 qni
1269 2150 1274 2157 ’

55 2217 130 2292 lieri
160 2230 298 2317 poterat
321 2230 363 2292 ιιι
386 2220 575 2292 Leontium
602 2216 704 2292 nohis
729 2218 960 2292 oeoineretl’'

126 2323 219 2396 vll.
247 2318 360 2420 “Ago
382 2342 466 2394 vero
485 2322 672 2393 Leontium
699 2346 779 2393 cum
803 2321 972 2414 dicimus,
1008 2314 1092 2395 non
1088 2321 1202 2421 illu'm

54 2425 215 2523 prolecto
259 2424 482 2523 intelligimus
528 2424 716 2495 Leontium
759 2436 1011 2521 cognomento
1030 2408 1199 2521 Pilatum,
1263 2444 1292 2500 .“

55 2553 160 2625 quem
176 2525 362 2599 lohannes
377 2528 601 2599 Booeutius
591 2552 628 2596 ιιι
646 2525 828 2598 luculento
854 2552 917 2598 suo
937 2526 984 2598 de
999 2528 1202 2628 genealogia

56 2632 201 2703 oleorum
225 2655 329 2726 opere
357 2656 460 2750 saepe
488 2629 573 2700 facit
598 2627 811 2725 loquentem
866 2628 949 2701 Fuit
972 2631 1063 2700 enim
1084 2630 1204 2705 Leon·

55 2734 124 2804 tius
154 2732 317 2824 Pilatus,
354 2743 394 2804 ut
420 2734 468 2803 ait
494 2731 682 2803 Boccatius
713 2758 773 2829 op.
803 2730 863 2803 cit.
892 2730 955 2802 lih.
979 2732 1075 2825 XV,
1098 2731 1145 2825 6,
1176 2730 1224 2805 7·

54 2833 367 2907 thessalonicensis
390 2833 559 2927 homo,
548 2861 586 2905 ιιι
607 2836 741 2932 graecis
766 2833 906 2932 quidem
925 2834 1050 2906 litteris
1073 2834 1202 2908 tontis·
1274 2857 1277 2866 '

56 2938 176 3028 simus,
206 2934 270 3008 sed
288 2936 405 3008 latinis
424 2964 495 3009 non
515 2938 599 3007 satis
619 2938 825 3008 instructus.
879 2937 990 3008 Hune
1012 2938 1202 3010 Boouatius

54 3036 227 3138 hospitem
268 3038 378 3135 domi·
401 3066 484 3111 snae
521 3037 666 3131 hahuit,
715 3063 864 3136 eumque
904 3039 1100 3111 Homerum
1135 3039 1204 3112 sibi

54 3142 313 3241 praelegentem
334 3143 483 3214 triennio
508 3141 634 3233 audiit,
664 3151 769 3237 atque
791 3152 831 3212 ut
853 3142 1059 3240 magistrum
1085 3141 1202 3240 puhli-

56 3267 135 3315 eum
169 3244 311 3316 decreta
344 3243 505 3316 mercede
536 3243 731 3319 Florentini
762 3245 996 3340 susciperent,
1043 3247 1200 3318 curavita

55 3358 90 3419 et
105 3347 188 3443 qnia
205 3371 410 3446 maenarum
429 3345 648 3419 historiarum
667 3357 770 3443 atque
788 3344 985 3417 fabularum
1003 3347 1199 3441 archivum,
1237 3345 1247 3356 ’

55 3458 94 3520 nt
118 3451 195 3547 ipse
226 3450 296 3540 ait,
333 3448 522 3521 Leontium
551 3453 713 3544 expertus
740 3456 833 3539 erat,
872 3448 1005 3520 idcireo
1030 3450 1066 3520 in
1097 3475 1201 3548 opere

55 3574 118 3621 sno
140 3549 382 3650 mythologieo
405 3551 449 3622 ad
473 3548 578 3649 hujus
599 3549 750 3622 hominis
773 3553 1011 3622 auctoritatem
1036 3577 1201 3649 persaepe

54 3667 235 3749 provocat.
280 3652 403 3750 Ne'que
419 3666 534 3726 tamen
551 3651 682 3749 aliquid
698 3652 868 3724 Leontius
885 3652 1023 3726 Pilatus
1042 3656 1196 3752 scripsit,

55 3764 140 3827 teste
163 3757 242 3852 ipso
267 3755 456 3828 Boouatio:
487 3755 592 3854 lup'us
616 3780 680 3854 epo
703 3754 843 3826 nullum
867 3756 945 3827 vidi
966 3781 1077 3853 opus,¹
1101 3758 1200 3857 quio-

54 3858 142 3955 quid
166 3884 212 3930 ex
244 3884 286 3930 eo
315 3859 448 3948 recito,
483 3859 529 3929 oh
555 3882 597 3928 eo
625 3859 707 3928 uiuo
734 3882 819 3929 uoce
843 3858 1017 4030 repetente
1039 3860 1197 3956 percepi.

53 3957 224 4032 leontius
256 3984 342 4059 ergo
371 3960 510 4031 Pilatus
543 3966 688 4056 paetus
719 3957 845 4050 homo,
896 3961 1059 4059 atinitatis
1089 3985 1200 4057 prope

54 4061 218 4157 ignarus,
236 4061 392 4134 »nullius
435 4063 556 4159 scripti
595 4062 712 4157 operis
745 4072 889 4155 auctor,
930 4087 1010 4133 oum
1040 4065 1200 4135 vaticano

55 4160 202 4239 Leontio
227 4165 345 4236 latinis
379 4163 579 4237 auctoribus
610 4163 898 4255 familiarissimo,
936 4163 1104 4236 conlundi
1128 4190 1199 4234 non

55 4258 178 4362 1101th
207 4360 217 4373 ἐ
243 4266 391 4343 Praeter
422 4292 528 4368 quam
557 4267 653 4368 qrrod
686 4266 858 4342 Leontius
888 4266 1029 4342 Pilatus
1057 4265 1201 4343 saeculo
