2684 4606
137 158 193 241 ae
455 159 638 267 nyma.
666 161 699 235 r.
752 159 961 241 eo-ea.

358 343 440 424 80,
481 334 668 450 Tydeus
705 360 748 425 et
782 351 1051 452 Polynicen.

225 492 378 590 Tydeus,
399 494 504 562 Oenei
524 493 606 559 filins
627 505 660 562 et
677 492 899 596 Cassiopciae,
921 493 1087 567 Diomedis
1097 464 1203 584 peter.
1239 494 1267 563 Is

142 603 239 670 quum
276 579 489 682 Melanippum
525 578 623 651 filium
660 600 752 644 suum
789 580 1020 664 interfecisset,
1064 581 1136 647 exul
1167 582 1269 667 Argos

165 666 284 732 ervenit
305 678 339 732 et
364 666 501 733 amicitia
522 662 658 733 Adrasto
681 664 752 751 regi
775 662 906 757 junctus
930 677 989 732 est.
1030 667 1107 757 Ipso
1128 666 1270 755 tempore

115 691 329 858 alJolynices,
358 773 461 839 regno
479 750 629 838 ‘expulsus
652 772 671 817 a
695 750 794 816 fratre
815 771 873 817 sno
894 750 1048 854 Eteocle,
1076 752 1131 847 qni
1144 751 1270 819 ‘'I'hebis

138 838 584 990 tllttlltnttlnlttlt
604 832 977 1019 tltltttffmnllt
998 838 1270 1017 atltmalttt

139 1009 298 1085 futurum,
330 1020 365 1097 nt
390 1006 470 1074 filias
495 1029 569 1073 suas
594 1004 686 1071 daret
713 1027 792 1092 apro
821 1018 854 1071 et
880 1004 963 1072 leoni
992 1008 1085 1093 (nam
1105 1008 1168 1075 Pol
1191 1002 1271 1076 nicea

140 1107 174 1164 et
197 1092 332 1186 Tydeus
361 1115 472 1163 earum
500 1092 639 1161 ferarum
663 1089 795 1180 pellibus
822 1092 898 1163 tecti
925 1092 1052 1180 erant),
1089 1094 1271 1164 exisnmarit

98 1190 216 1259 turer,
248 1180 294 1245 eis
316 1177 437 1245 debere
470 1178 549 1247 filias
588 1200 662 1244 suas
701 1177 733 1241 in
749 1182 752 1187 '
771 1175 1003 1245 matrimonium
1041 1177 1128 1249 darc.
1188 1180 1271 1249 Hinc

139 1265 313 1345 Adrastus,
347 1263 477 1341 adscitis
507 1263 625 1331 civilius
655 1261 737 1343 suis,
770 1261 918 1330 auxilinm
947 1263 1010 1331 Pol
1052 1265 1094 1331 ici
1120 1264 1270 1334 adversus

136 1350 306 1421 Eteoclem
331 1349 409 1418 tulit.
451 1349 501 1415 Ibi
530 1347 664 1439 Tydeus
689 1347 876 1421 interiectus
903 1360 962 1420 fflt.
1033 1350 1272 1445 clyniceam

138 1438 238 1506 fratre
259 1436 376 1506 mutuis
393 1434 578 1505 ‘uulneribus
602 1432 727 1505 cecidit.
816 1496 820 1505 .
869 1474 873 1479 -
1117 1492 1133 1505 ..
1183 1494 1189 1505 .

312 1580 378 1681 dl.
434 1564 814 1707 Synielrronisel
845 1556 1146 1680 Branchusss‘

98 1760 134 1813 15
228 1750 307 1819 Cius
335 1746 464 1839 quidam
491 1774 548 1817 rex
578 1773 675 1853 quum
700 1751 733 1817 in
758 1752 1018 1903 peregrinatione
1043 1748 1273 1845 prandercliu

137 1837 249 1917 litore,
279 1859 319 1902 ec
344 1834 462 1903 deinde
488 1838 762 1926 proficisceretur,
793 1836 833 1905 ob
856 1849 869 1906 t
891 1863 907 1904 s
929 1851 979 1906 est
1002 1838 1118 1919 filium,
1147 1834 1274 1911 nomine

140 1923 384 2012 Syniclrronem.
433 1920 490 1989 llle
512 1923 655 2011 pervenit
679 1922 711 1988 in
728 1921 853 2011 ¹saltum
877 1925 1005 2013 patroni
1028 1919 1213 2015 cujusdam
1242 1932 1274 1991 et

138 2033 238 2097 quum
261 2020 346 2078 esset
365 2030 441 2073 rece
463 2017 530 2088 tus,
552 2008 660 2097 coepit
679 2029 752 2077 curn
772 2006 853 2076 illins
871 2010 980 2098 pueris
1000 2032 1113 2097 capras
1132 2026 1275 2097 pascere

140 2092 316 2189 Aliquando
354 2032 586 2182 prendiderunt
624 2115 786 2183 cygnum,
833 2106 866 2185 et
904 2094 989 2162 illum
1029 2092 1275 2183 cooperuerunt

97 2181 227 2247 anDum
256 2180 316 2267 ipsi
346 2190 511 2268 pugnent,
548 2190 585 2247 ut
613 2178 697 2244 illum
729 2191 864 2269 patrono
892 2203 1007 2247 munus
1035 2179 1207 2261 offerrent,
1244 2190 1276 2250 et

140 2290 238 2354 quum
259 2266 328 2356 jam
350 2277 457 2333 essent
477 2265 603 2353 fatigati
622 2264 813 2346 certamine,
840 2264 961 2355 rejecta
982 2278 1085 2348 veste,
1114 2266 1276 2333 mullerem

139 2354 333 2418 invenerunt.
377 2352 424 2419 Et
443 2374 542 2441 quum
565 2351 597 2416 su
625 2363 730 2433 erent,
760 2352 900 2419 revocati
922 2353 964 2419 ab
986 2375 1042 2431 ea,
1070 2351 1181 2420 moniti
1204 2351 1276 2432 sint,

17 2512 21 2521 ¹
139 2450 176 2506 ut
205 2450 356 2541 patronus
384 2438 478 2507 unice
501 2374 732 2527 Syniclronem
759 2436 908 2525 diligeret
935 2459 1077 2533 puerum.
1120 2438 1166 2507 Illi
1191 2459 1276 2526 qnae

140 2524 318 2599 auderunt,
336 2534 475 2626 patrono
495 2523 723 2591 iudicaverunt
754 2523 851 2589 'l'unc
871 2533 1023 2611 patronus
1042 2524 1276 2614 Synichrouem

97 2626 199 2701 aspro
222 2634 281 2678 suo
302 2609 367 2676 filro
388 2611 483 2677 nimio
506 2609 614 2676 dilexit
641 2611 776 2687 ellectu,
806 2609 898 2696 eique
921 2609 1015 2677 filiam
1042 2632 1133 2677 suam
1154 2608 1276 2677 duceu-

141 2697 216 2764 dam
247 2696 362 2764 locarit
394 2718 536 2764 uxorem.
595 2693 651 2759 Illa
683 2716 780 2781 quum
813 2716 996 2781 praegnans
1028 2717 1068 2763 cx
1104 2718 1146 2763 eo
1179 2706 1276 2775 esset,

99 2856 105 2867 Ι
140 2783 218 2851 vidit
245 2784 277 2849 in
305 2783 422 2851 somnis
451 2802 511 2868 per
533 2780 649 2848 fauces.
671 2801 746 2845 snas
773 2779 922 2847 introisse
948 2780 1065 2862 solem,
1105 2795 1139 2850 et
1158 2782 1276 2865 exisse

140 2891 200 2958 per
220 2877 370 2934 ventrem.
411 2866 522 2933 Infans
543 2863 647 2931 editus
667 2864 742 2930 ideo
763 2866 930 2933 Branchus
956 2878 1086 2935 vocatus
1109 2879 1175 2947 est,
1203 2867 1278 2956 quin

141 2966 244 3024 mater
275 2952 343 3042 ejus
376 2973 434 3039 per
466 2949 577 3016 fauces
610 2950 670 3016 sibi
703 2949 823 3018 viderat
856 2952 888 3017 in
922 2964 1047 3019 uterum
1081 2964 1277 3040 penetrasse.

100 3040 208 3107 ³0llic
229 3061 327 3126 quum
349 3037 381 3101 in
409 3035 491 3103 silvis
512 3035 685 3125 Apollinem
706 3035 866 3107 osculatus
891 3049 994 3114 esset,
1025 3040 1276 3128 comprehensus

142 3137 190 3190 est
212 3126 252 3191 ab
275 3146 334 3203 eo,
365 3131 399 3190 et
418 3134 553 3211 accepta
574 3145 694 3187 corona
715 3123 884 3211 virgaque,
913 3124 1075 3193 vaticinari
1096 3127 1220 3216 coepit,
1245 3134 1277 3192 ct

142 3210 247 3277 subito
275 3230 432 3295 nusquam
461 3208 648 3312 comparuit
690 3207 861 3295 'l'emplnm
887 3208 915 3272 ei
946 3209 1065 3277 lactum
1091 3224 1156 3288 est,
1187 3208 1276 3300 quod

140 3293 440 3363 Branchiodon
461 3306 656 3361 nommetur:
682 3305 715 3360 et
736 3294 865 3380 Apollini
887 3295 1006 3381 pariter
1022 3296 1176 3384 philasia
1198 3320 1275 3363 con-

146 3392 271 3447 secrata
293 3390 366 3447 sunt
388 3381 522 3469 templa,
545 3402 629 3467 quae
650 3381 690 3444 ab
709 3379 823 3444 osculo
837 3380 989 3463 Branchi,
1016 3383 1083 3455 sire
1102 3383 1274 3452 certamine

99 3478 136 3528 ³5
142 3489 336 3559 puerorum,
353 3466 509 3557 plrilesic
532 3474 765 3555 nuncupantur.

504 3629 576 3709 82.
628 3631 910 3709 Salmoneus.

229 3771 418 3840 Salmoneus
445 3768 546 3839 Elidis
575 3790 634 3836 rox
663 3768 741 3850 luit,
779 3768 832 3856 qui
861 3767 956 3834 nimia
987 3765 1136 3835 felicitate
1165 3766 1271 3847 clatus,

143 3883 219 3927 suos
247 3860 332 3926 cives
361 3854 548 3925 sacerdotes
575 3867 608 3925 ct
630 3876 723 3921 sacra
743 3854 830 3920 Joris
853 3852 895 3920 ed
921 3876 957 3919 se
977 3852 1154 3921 transferre
1172 3854 1270 3944 jussit

145 3947 268 4031 sibique
293 3945 462 4032 religiones
489 3942 569 4011 illius
590 3951 624 4008 et
644 3961 738 4007 sacra
760 3939 954 4028 impendere.
983 3938 1067 4019 Hie,
1089 3946 1199 4009 rectus
1220 3964 1270 4031 per

102 4051 274 4103 soaerenm
288 4045 418 4116 pontem
431 4051 538 4112 curru,
557 4028 740 4097 imitabatur
761 4028 915 4106 tonitrua,
938 4036 971 4093 et
989 4025 1076 4092 laces
1095 4028 1126 4093 in
1145 4027 1269 4097 modun

147 4112 283 4179 l'ulmiuis
307 4114 517 4199 jaculabatur.
574 4117 615 4182 At
646 4110 814 4200 luppiter,
846 4131 955 4179 rerum
978 4110 1094 4179 fulmen
1115 4125 1269 4203 torquens

134 4197 349 4282 'reaccipitem
374 4197 405 4263 iu
426 4201 566 4270 Tartara
585 4197 706 4286 adegit·
823 4224 826 4231 ’

154 4530 203 4563 μ’·
287 4534 308 4564 Ι.
