2684 4606
61 296 64 303 ,
147 211 227 288 aaa
407 210 591 315 uryuop.
619 210 692 285 111.
735 209 785 285 a.
841 210 1017 287 e-u.
1080 270 1086 281 ,

147 409 296 489 quantem
317 397 544 467 elementorum
570 397 867 486 intemperantiam
929 420 991 464 uae
1021 418 1079 484 per
1107 407 1291 487 temporum

147 488 314 554 varietates
336 485 504 575 provenire
524 485 727 552 manifestum
750 496 817 566 est;
862 421 949 550 edile
978 482 1092 565 etiam,
1124 486 1200 573 quia
1227 485 1290 550 Sa-

147 573 230 638 turni
275 570 363 639 sidus
397 569 581 638 secundum
622 571 882 651 mathematicus,
935 580 972 635 ut
1012 567 1165 651 diximus,
1212 593 1290 637 cou-

146 661 277 723 trarium
312 668 378 736 est,
421 667 455 723 et
491 655 658 723 adversam
700 657 798 723 habet
837 655 1124 734 constellationem,
1170 666 1205 723 et
1244 658 1289 722 ab

56 818 59 823 ¹
123 745 185 809 aas
207 743 285 809 deus
308 741 479 809 malitiosus
499 754 642 809 vocatur.
677 741 836 831 Denique,
859 764 901 806 ne
921 741 963 806 de
985 741 1155 828 praedictis
1169 740 1290 831 pedem

146 830 319 896 inaratam
340 831 434 915 figas,
455 826 533 896 dicit
554 850 627 894 eum
651 827 781 894 Servius
804 829 845 893 ob
867 828 932 895 hoc
952 838 1075 895 tantum
1097 829 1178 895 lilios
1198 851 1289 895 eom-

147 910 271 990 edisse,
312 913 399 1004 quod
432 913 502 1001 ipse
530 925 581 981 est
600 912 680 980 deus
702 925 902 1001 temporum,
942 914 1089 1003 quae-‘'in
1118 938 1155 981 se
1183 915 1288 981 revol-

146 1012 262 1067 vuntur
280 1001 312 1065 in
334 1012 508 1067 aeternum.
550 998 636 1065 Ideo
650 1000 745 1066 etiam
766 1002 940 1067 Saturnum
966 999 1045 1066 dicit
1065 1024 1140 1067 eum
1161 1000 1288 1069 'l-'ullius

146 1088 359 1165 nominatum,
393 1084 610 1173 quodannis
637 1095 839 1163 saturetur3
881 1084 956 1150 ideo
985 1086 1108 1153 alore
1136 1087 1290 1168 vinetum,

107 1189 189 1240 lune
208 1171 438 1237 immoderatos
461 1191 574 1236 cursus
597 1169 734 1250 habeat,
757 1182 853 1257 atque
874 1183 909 1238 ut
930 1171 1108 1255 stellarum,
1130 1195 1191 1263 per
1204 1196 1286 1263 quus

146 1258 326 1348 disponitur
347 1269 491 1346 tempus,
523 1255 654 1321 vinculis
675 1256 832 1344 alligetur.
1284 1298 1288 1305 -
1319 1334 1323 1341 Α

182 1356 185 1360 ’
229 1347 259 1410 9.
303 1344 408 1409 Porro
437 1343 612 1409 Saturnum
645 1341 785 1408 Pollucis
821 1340 927 1407 filium
949 1341 1057 1427 refert,
1076 1340 1287 1428 Fulgentius,¹

145 1431 211 1496 sire
232 1428 448 1516 apellando,
480 1427 546 1494 ¹sive
573 1450 593 1492 a
612 1426 903 1513 pollucibilitute,
938 1427 1026 1515 quod
1050 1427 1214 1514 vulgarius
1236 1429 1287 1494 di-

146 1519 245 1582 cimus
280 1514 516 1582 humanitatem.
578 1512 630 1579 Eo
664 1513 748 1579 enim
787 1511 893 1577 adhuc
926 1525 1103 1600 regnante,
1149 1536 1288 1581 aureum·

103 1618 139 1668 15
149 1602 245 1668 luisse
272 1600 434 1668 saeculum
463 1597 746 1695 dicunt.J·thue
771 1597 931 1686 paululum
963 1599 1075 1687 vagari
1107 1597 1285 1681 videamur,

145 1690 319 1755 Saturnum
349 1686 436 1751 faeta
465 1681 683 1773 conjuratione
711 1705 769 1772 per
797 1684 894 1749 filium
922 1708 1015 1752 suum
1043 1709 1064 1752 a
1091 1708 1218 1779 regnu,
1235 1699 1287 1763 ‚ut

145 1774 306 1852 diximus,
333 1769 498 1859 depulsum
528 1780 690 1847 asserunt,
718 1770 913 1858 lovemque,
943 1792 1027 1859 quae
1047 1782 1194 1861 tempore
1223 1773 1286 1841 Sa·
1318 1796 1329 1823 ·

144 1861 227 1926 turni
257 1856 359 1944 viguit
393 1877 525 1944 pacem,
559 1855 782 1942 perturbasse,
816 1866 849 1921 et
876 1855 920 1921 ita
949 1878 1080 1923 aureum
1110 1858 1284 1939 saeculum,¹

145 1944 234 2032 quod
265 1946 306 2009 ab
337 1942 442 2007 aureis
470 1939 630 2018 moribus,
668 1962 748 2027 quos
778 1953 909 2008 eatenus
932 1942 1127 2024 habuerant,
1161 1943 1283 2013 dictum

101 2042 211 2108 aoest,
239 2028 270 2093 in
292 2038 483 2113 argenteum
505 2024 708 2092 convertisse.
750 2026 837 2093 loris
860 2049 997 2115 namque
1025 2030 1173 2116 tempore‘
1202 2030 1283 2096 mul-

144 2130 193 2183 tos
210 2115 276 2203 jam
299 2116 331 2179 in
353 2114 487 2178 terrenis
516 2111 651 2178 subditis
679 2113 840 2199 sapientes
873 2126 999 2182 constat
1033 2115 1141 2181 fuisse.
1185 2115 1283 2183 Unde

143 2203 238 2267 etiam
272 2197 428 2265 debellato
456 2199 597 2264 Saturno
628 2209 724 2300 atque
759 2200 889 2286 fugato,
931 2200 980 2265 alii
1013 2201 1138 2290 tyranni
1154 2192 1282 2269 'Jorem

141 2287 246 2375 ipsum
266 2297 401 2372 paterna
430 2283 608 2351 hereditate
636 2285 761 2372 privare
793 2284 917 2370 agressi
938 2297 1033 2366 sunt,
1085 2287 1177 2362 Quos
1204 2288 1281 2383 quia

39 2366 46 2381 ²
144 2373 299 2441 machinis
324 2368 441 2436 bellicis
463 2370 640 2473 superavit,
669 2371 828 2457 Gigantes
850 2372 983 2458 fingitur
1006 2370 1200 2441 fulminasse.

101 2473 138 2521 aa
195 2526 198 2531 ,
231 2459 281 2524 10.
324 2457 409 2522 Nam
431 2455 474 2521 de
493 2459 548 2538 irs,
583 2479 664 2545 quos
686 2458 790 2523 Varro
811 2469 1062 2541 commemorat,
1095 2460 1144 2525 rel
1166 2482 1281 2548 parum

143 2543 185 2609 ad
207 2565 359 2631 praesens
380 2542 545 2630 negotium
570 2547 722 2624 attinere,
758 2540 806 2606 vel
827 2564 866 2607 eu
893 2542 962 2630 ipsa
989 2545 1163 2610 memoriae
1192 2568 1279 2611 eom-

83 2682 86 2689 .
142 2630 286 2695 mundari
308 2629 358 2694 vix
380 2627 479 2717 digna
508 2627 689 2694 existimari.
745 2627 796 2694 Ait
823 2646 995 2716 namque,
1018 2630 1175 2719 quosdam
1200 2644 1279 2699 tem·
1310 2660 1320 2669 ·

142 2738 222 2803 pore
244 2715 348 2781 diluvii
370 2715 412 2780 ad
434 2725 557 2780 montes
588 2711 790 2799 confugium
828 2713 880 2800 qui
910 2727 1022 2802 postea
1054 2718 1095 2782 ab
1121 2717 1188 2799 his,
1225 2718 1280 2807 qul
1320 2738 1324 2745 ·

142 2801 185 2866 de
206 2801 271 2868 aliis
294 2801 453 2867 montibus
474 2798 666 2883 ueniebant,
707 2797 787 2864 bello
807 2796 961 2881 lacessiti,
1002 2801 1096 2868 facile
1127 2826 1169 2869 ex
1188 2802 1278 2870 -loeis

98 2888 357 2976 sosuperioribus
377 2876 631 2951 eos'rincebant.
672 2882 770 2949 Unde
792 2883 909 2951 laetum
934 2897 1000 2966 est,
1034 2900 1069 2954 ut
1094 2888 1152 2952 dii
1178 2894 1278 2979 supe-
1318 2952 1321 2959 ,

103 2966 111 2981 ‘
140 2976 260 3054 riores,
282 2972 460 3038 inferiores.
471 2991 546 3033 vero
570 2967 772 3055 terrigenae
794 2969 985 3039 dicerentur.
1027 2974 1073 3039 Hi
1095 2974 1191 3041 etiam
1212 2976 1278 3042 sire

140 3083 199 3145 pro
221 3057 401 3145 serpentina
425 3053 610 3133 calliditate,
632 3075 727 3140 quam
748 3055 929 3139 habebant,
951 3058 1018 3124 sive
1039 3060 1115 3148 quia
1135 3059 1178 3125 de
1198 3060 1278 3129 loeis

139 3145 308 3211 humilibus
340 3140 381 3206 ad
412 3140 576 3229 superiora
604 3141 792 3229 reptabant,
830 3164 888 3231 pro
926 3143 1061 3231 pedibus
1095 3144 1172 3215 dieti
1202 3159 1278 3216 suut
1309 3146 1315 3155 ’

73 3260 77 3271 ’
139 3231 290 3296 habuisse
311 3240 484 3314 serpentes.
538 3225 634 3299 Quod
662 3248 737 3291 rere
768 3249 809 3292 eo
842 3240 987 3317 tempore
1017 3231 1114 3299 saxis»
1130 3232 1275 3301 homiues

96 3338 131 3387 ³5
141 3331 173 3384 et
194 3315 314 3384 truncis
335 3313 422 3378 nasci
445 3311 521 3378 dicti
542 3323 634 3390 sunt,
676 3314 717 3378 ab
738 3313 802 3380 anti
826 3335 867 3380 ua
888 3315 1050 3383 hominum
1077 3318 1276 3387 habitatione

138 3405 185 3470 sic
207 3402 327 3467 dictum
349 3410 407 3464 est.
449 3400 530 3464 Ante
553 3397 656 3466 lactas
688 3398 771 3464 enim
800 3336 920 3479 homos
962 3414 1017 3470 aut
1046 3403 1078 3469 in
1108 3404 1195 3471 caris
1223 3427 1275 3471 ar·
1327 3440 1329 3447 ·

110 3488 286 3588 Oboribus,
310 3492 374 3551 'aut
394 3485 424 3549 in
446 3484 603 3572 speluncis
624 3486 803 3550 manebant.
833 3486 896 3560 Qui
940 3510 1014 3554 uum
1037 3488 1113 3555 iude
1133 3490 1274 3578 regrede-
1311 3484 1329 3557 ’.

137 3586 263 3653 rentur,
299 3583 354 3637 aut
375 3574 465 3636 suarh
488 3570 664 3637 educerent
689 3570 848 3648 sobolem,
885 3510 961 3640 inho
988 3574 1065 3643 dicti
1095 3589 1170 3644 sunt
1197 3599 1278 3665 pro-¹
1301 3572 1329 3613 ·⁴

138 3658 249 3724 creari.
291 3658 485 3736 Praeterea,
523 3669 558 3724 ut
584 3658 686 3723 refert
706 3656 914 3738 Lactantius,
950 3658 1026 3726 ‹lum
1054 3660 1168 3729 deerat
1195 3684 1274 3729 usus
1325 3658 1328 3671 '

96 3765 302 3825 aneasarum,
341 3744 400 3832 ipsi
427 3743 459 3808 in
480 3765 601 3807 morem
632 3763 785 3831 pecorum
808 3745 1026 3829 vagabantur;
1059 3748 1141 3814 filios
1164 3760 1273 3816 autem

137 3852 212 3896 suos
234 3842 289 3896 aut
310 3833 459 3897 arborum
491 3829 612 3908 caveis,
656 3839 711 3894 aut
742 3829 893 3894 montium
924 3834 1084 3921 specubus
1116 3845 1273 3921 contege-
1301 3858 1326 3921 .'-·'

137 3919 222 3983 bant.
267 3918 358 3992 Quos
386 3928 587 3984 transeuntes
615 3916 768 3981 arborum
795 3913 842 3979 vel
870 3941 1020 3985 saxorum
1050 3919 1134 3988 setus
1153 3921 1273 3991 ‚existi-

134 4002 272 4154 11181ΜΙῃΙῐί
314 4084 397 4152 Inde
428 4099 493 4165 est,
534 4080 622 4173 quod
654 4081 803 4150 dicuntur
832 4085 974 4153 Arcades
1008 4087 1101 4154 astris
1132 4088 1273 4181 lunaque

94 4174 275 4264 amariores,
300 4172 375 4261 «pria
395 4171 455 4260 ipsi
477 4194 622 4258 namque,
647 4170 678 4234 in
701 4169 858 4238 densitate
880 4195 1044 4238 nemorum
1066 4174 1132 4241 nati
1154 4190 1188 4244 et
1207 4200 1268 4244 nu-

138 4260 219 4344 triti,
250 4282 349 4326 orrum
380 4256 511 4325 tandem
541 4258 572 4322 in
596 4257 688 4344 palona
710 4256 851 4339 exirent,
886 4282 948 4325 nec
968 4258 1074 4326 lunam
1106 4282 1169 4329 neo
1196 4264 1272 4333 stel-
