2684 4606
10 201 16 211 .
290 182 299 218 s
371 83 894 255 niyrnogr.11.81-ss85.
1031 190 1034 198 ·
1126 150 1208 233 105

62 347 169 441 autem
198 333 346 437 luppiter
373 333 543 439 Ammon,
579 360 618 404 eo
649 335 736 439 quod
763 337 796 405 iu
824 336 936 440 saeuo
965 345 1213 425 reperissetis·

61 420 783 598 lb2⁰lttb.‚⁶·jt⁹.l.“lttit,ltili
810 422 1205 596 rbltlttbblltt

61 590 152 680 quod
170 586 235 657 vini
255 591 344 679 potio
368 592 484 660 liberas
506 604 629 661 mentes
651 595 757 676 faciat.
799 531 898 662 Indos
919 594 1004 676 vicit,
1023 594 1099 682 buia
1118 595 1202 664 baec

86 699 143 745 ens
162 676 235 745 vino
250 676 362 745 dedita
379 689 444 747 est*
469 679 536 746 Hic
554 678 690 767 tigribus
711 676 850 747 insidere
870 678 997 759 dicitur,
1018 677 1106 766 quod
1128 681 1226 765 vinos
1298 762 1302 772 ¹

58 699 150 831 botae
170 773 297 831 mentes
316 762 532 848 mulceantnr3
553 764 640 832 unde
661 778 695 833 et
705 765 837 854 Lyaeus
852 762 986 859 dicitur,
1006 766 1095 853 quasi
1113 765 1201 834 leni-

59 859 171 915 tatem
209 861 363 928 raestans.
393 851 524 919 Juvenis
542 849 618 917 ideo
637 851 795 939 pingitur,
817 853 892 941 quia
911 871 1039 954 semper
1059 850 1200 922 ebrietas

59 933 154 1002 calet.
186 872 277 1003 Adeo
299 933 421 1017 nudus,
447 938 521 1026 quia
540 935 655 1006 mentis
677 959 756 1005 suae
775 949 902 1023 secreta
921 937 1027 1009 ebnns
1049 934 1158 1006 nudat.

29 1213 31 1217 ·
93 1136 256 1283 ss
434 1180 500 1260 81.
554 1160 823 1277 Autonoe.

143 1314 308 1404 Autonoe,
330 1312 425 1382 lertio
444 1310 561 1379 Cadmi
581 1312 660 1396 lilia,
682 1316 846 1398 Aristaeo,
869 1317 1017 1407 Apollinis
1039 1328 1072 1386 et
1092 1319 1241 1408 Cyre-lo

60 1421 118 1466 nes
145 1398 319 1489 Nymphae
344 1398 426 1477 filio,
454 1399 592 1486 nupsit,
608 1413 642 1467 et
665 1422 705 1466 ex
726 1424 766 1467 eo
790 1402 1099 1475 filiurn-Actaeonem
1120 1426 1197 1470 oona
1225 1444 1230 1461 ι
1281 1478 1287 1487 ,

61 1483 156 1572 cepit.
200 1486 265 1561 Qui
286 1507 383 1574 qaum
403 1485 436 1550 iu
457 1485 538 1551 silvis
560 1497 744 1566 venaretur,
768 1487 922 1567 Dianam,
949 1511 1046 1578 quum
1068 1491 1100 1554 in
1119 1487 1200 1555 valle
1255 1502 1258 1507 “

57 1570 270 1658 Gargaphiae
298 1570 416 1638 aestivo
445 1583 591 1658 tempore
612 1583 645 1636 et
669 1571 797 1638 assidua
817 1575 984 1641 venatione
1004 1575 1139 1660 fatigata
1161 1597 1198 1640 se

57 1655 99 1722 ad
128 1658 252 1724 l'ontem
277 1656 452 1744 perlueret,
478 1654 598 1722 undam
630 1657 735 1724 subito
763 1658 905 1726 incurrit.
954 1658 1036 1726 Inde
1066 1662 1108 1746 ab
1144 1658 1222 1724 illa·

56 1742 140 1808 irata
159 1743 192 1807 in
214 1763 343 1807 cervum
362 1741 449 1845 ipse,
468 1765 511 1808 ne
532 1741 637 1831 eloqui
659 1756 785 1831 posset,
808 1755 966 1827 mutatos,
992 1746 1097 1811 a-suis
1116 1742 1239 1811 dici-1⁵

27 1852 30 1857 ·
57 1839 109 1894 tur
133 1828 276 1894 canibus
305 1828 438 1915 perirsse
463 1828 610 1894 laniatus.
659 1827 758 1904 Quod
785 1850 947 1919 exponens
976 1831 1196 1912 Anaximenes,

57 1912 151 1992 dicit,
180 1915 377 1979 Actaeonem
408 1915 608 1981 venationem
632 1911 795 1996 dilexisse3
824 1914 882 1983 sed
905 1939 1002 2006 quum
1025 1915 1068 1982 ad
1094 1930 1196 1984 matu·
1230 1930 1233 1939 ’

56 2022 123 2065 ram
147 1999 285 2066 venisset
306 2009 461 2075 aetatem,
486 1999 694 2067 consideratis
716 2001 925 2069 venationum..
943 2002 1108 2091 periculis,
1139 2020 1209 2066 nu-·

56 2084 238 2152 damantis
259 2085 414 2152 rationem
439 2083 568 2164 videns,
599 2085 774 2167 extimuit3·
791 2098 824 2154 et
848 2087 924 2154 dum
945 2087 1119 2175 periculum
1142 2110 1195 2152 ve·
1225 2154 1232 2169 ,
1264 2141 1265 2144 ,

57 2169 332 2258 nandilugeret,
366 2173 517 2238 affectum
544 2182 652 2238 tamen
680 2193 794 2237 canum
822 2194 886 2239 non
911 2172 1083 2251 dimisisse,
1112 2188 1238 2276 quosw

55 2257 190 2323 inaniter
210 2256 393 2345 pascendo,
424 2279 528 2344 paene
555 2278 680 2322 omnem
705 2279 794 2323 suam
816 2259 1025 2328 substantiam
1045 2257 1194 2349 perdidit.

55 2343 111 2408 0b
132 2341 197 2430 boo
216 2365 238 2409 a
260 2341 326 2409 suis
348 2342 480 2410 canibus
501 2341 619 2411 dicitur
638 2363 712 2410 esse
733 2341 913 2413 devoratus.
1184 2366 1186 2372 ·

308 2564 312 2571 ’
405 2591 476 2669 82.
530 2578 844 2673 Aristaeus.

136 2718 299 2788 Aristaeus
321 2732 394 2808 post
411 2721 562 2790 laniatum
582 2747 601 2790 a
623 2723 754 2793 canibus
776 2723 891 2807 filium,
914 2724 1022 2792 matris
1042 2720 1193 2791 instinctu

52 2802 189 2871 'l'lrebas
216 2804 357 2894 reliquit,
388 2822 421 2878 et
448 2809 553 2876 Chion
580 2810 714 2879 insulam
741 2810 859 2891 tenuit,
888 2810 995 2878 adhuc
1011 2809 1234 2877 bominibuste
1304 2843 1307 2847 ·

52 2911 197 2957 vacuam
259 2891 381 2962 Postea
425 2894 536 2964 relicta
571 2917 629 2978 ea,
669 2919 743 2965 oum
770 2895 916 2968 Daedalo
949 2896 993 2966 ad
1011 2892 1192 2965 Sardiniam

45 2976 222 3045 ,transitum
241 2977 328 3055 lecit
634 3014 637 3019 ¹
731 3002 778 3020 ··

337 3213 340 3217 ’
460 3203 530 3280 85.
582 3205 622 3280 Α
637 3236 663 3309 g·
678 3235 699 3282 a
715 3235 737 3281 v
753 3235 786 3281 e.
1165 3287 1168 3291 ,

136 3334 265 3421 Agave,
293 3342 407 3422 quarta
433 3332 496 3400 filia
522 3332 664 3410 Cadmi,
689 3335 843 3402 Echionis
872 3353 952 3401 uxor
973 3340 1052 3397 erat.
1095 3329 1189 3406 Quae

52 3418 210 3486 Liberum
229 3430 352 3509 patrem
373 3419 418 3486 ita
440 3423 472 3486 iu
494 3428 657 3486 contemtu
677 3421 804 3494 habuit,
832 3428 869 3486 ut
889 3431 922 3486 et
941 3419 1088 3483 arborem
1110 3427 1232 3480 eon-to
1282 3470 1289 3486 ,
1311 3461 1314 3465 -

51 3503 228 3582 scendens,
264 3527 337 3571 oum
370 3504 433 3571 telo
465 3505 494 3570 ei
522 3505 732 3573 insidiaretur.
777 3505 877 3594 Cujus
906 3501 987 3570 filius
1012 3500 1188 3581 Pentheus,

51 3584 284 3657 'l‘l'rebanoruar
317 3613 391 3670 rex,
419 3590 558 3657 similiter
587 3590 654 3679 ejus
683 3613 776 3659 sacra
804 3590 999 3678 despiciens.
1018 3587 1119 3681 jussit
1140 3587 1188 3653 l'a·
1286 3618 1292 3629 .

39 3674 146 3748 'mnlis
169 3677 256 3753 suis,
276 3687 313 3741 ut
335 3698 408 3742 eum
429 3677 561 3742 'l'hebas
583 3677 777 3758 venientem,
798 3677 933 3742 vinctum
956 3672 1015 3740 sibi
1035 3694 1187 3760 praesen-

51 3772 168 3827 tarent.
221 3761 337 3841 Liber,
371 3772 407 3828 ut
438 3784 511 3828 eum
544 3764 756 3832 vesanientem
790 3760 972 3838 deluderet,
1015 3778 1125 3824 versus
1154 3756 1186 3821 in

51 3848 203 3927 Acetem,
235 3847 383 3914 comitem
410 3870 518 3927 suum,
559 3849 681 3915 vinctus
709 3845 856 3925 ducitur,
890 3858 922 3913 et
948 3845 980 3909 iu
1008 3841 1230 3911 custodiamus

51 3931 197 3999 mittitur.
238 3931 335 3998 Unde
355 3934 493 4000 immissa
515 3934 607 3999 matri
628 3947 661 4000 et
682 3933 744 3999 filio
766 3931 919 4009 amentia,
951 3930 1062 4015 Agave
1090 3927 1188 3995 filium

52 4038 165 4096 sunm,
199 4017 258 4084 sibi
287 4019 483 4086 obviantem.
502 4018 641 4084 vitulum
692 4031 799 4092 utens,
832 4039 904 4083 cum
933 4013 1041 4080 lurore
1066 4023 1189 4081 armata

52 4101 231 4170 decollavit.
273 4102 373 4172 Liber
400 4104 565 4171 incolumis
595 4116 702 4171 evasit.
744 4105 855 4189 Agave
883 4113 988 4166 autern
1018 4122 1091 4166 mox
1114 4106 1188 4188 post

52 4186 189 4258 caedem
210 4188 357 4279 resipuit,
379 4202 468 4264 etse
488 4188 585 4259 lilium
607 4211 699 4260 suum
720 4186 897 4256 decollasse
918 4185 1082 4272 cognovit.
