<?xml version="1.0" encoding="UTF-8"?>
<!DOCTYPE html PUBLIC "-//W3C//DTD XHTML 1.0 Transitional//EN"
    "http://www.w3.org/TR/xhtml1/DTD/xhtml1-transitional.dtd">
<html xmlns="http://www.w3.org/1999/xhtml" xml:lang="en" lang="en">
 <head>
  <title>
</title>
<meta http-equiv="Content-Type" content="text/html;charset=utf-8" />
  <meta name='ocr-system' content='tesseract 3.04.00' />
  <meta name='ocr-capabilities' content='ocr_page ocr_carea ocr_par ocr_line ocrx_word'/>
</head>
<body>
  <div class='ocr_page' id='page_1' title='image "./scriptoresrereu00bodegoog_0035.png"; bbox 0 0 2684 4606; ppageno 0'>
   <div class='ocr_carea' id='block_1_1' title="bbox 127 161 1002 287">
    <p class='ocr_par' dir='ltr' id='par_1_1' title="bbox 127 161 1002 287">
     <span class='ocr_line' id='line_1_1' title="bbox 127 161 1002 287; baseline 0 -48"><span class='ocrx_word' id='word_1_1' title='bbox 127 166 154 239; x_wconf 90' lang='grc'><strong>6</strong></span> <span class='ocrx_word' id='word_1_2' title='bbox 292 281 295 287; x_wconf 66' lang='lat'>,</span> <span class='ocrx_word' id='word_1_3' title='bbox 490 166 673 268; x_wconf 74' lang='lat' dir='ltr'>Mythogr.</span> <span class='ocrx_word' id='word_1_4' title='bbox 702 166 735 238; x_wconf 90' lang='lat'>1.</span> <span class='ocrx_word' id='word_1_5' title='bbox 792 161 856 238; x_wconf 81' lang='lat'>19.</span> <span class='ocrx_word' id='word_1_6' title='bbox 879 162 953 239; x_wconf 64' lang='lat'>20.</span> <span class='ocrx_word' id='word_1_7' title='bbox 999 215 1002 220; x_wconf 88' lang='lat'>·</span> 
     </span>
    </p>
   </div>
   <div class='ocr_carea' id='block_1_2' title="bbox 93 351 1316 1474">
    <p class='ocr_par' dir='ltr' id='par_1_2' title="bbox 93 351 1316 1474">
     <span class='ocr_line' id='line_1_2' title="bbox 131 351 1274 443; baseline 0.002 -25"><span class='ocrx_word' id='word_1_8' title='bbox 131 377 149 418; x_wconf 85' lang='lat' dir='ltr'>a</span> <span class='ocrx_word' id='word_1_9' title='bbox 184 373 255 419; x_wconf 89' lang='lat' dir='ltr'>com</span> <span class='ocrx_word' id='word_1_10' title='bbox 278 372 405 420; x_wconf 77' lang='lat' dir='ltr'>sessore</span> <span class='ocrx_word' id='word_1_11' title='bbox 435 353 466 419; x_wconf 90' lang='lat' dir='ltr'>in</span> <span class='ocrx_word' id='word_1_12' title='bbox 496 375 628 420; x_wconf 84' lang='lat' dir='ltr'>vaccam</span> <span class='ocrx_word' id='word_1_13' title='bbox 656 351 889 439; x_wconf 83' lang='lat' dir='ltr'>transfigurata</span> <span class='ocrx_word' id='word_1_14' title='bbox 920 361 981 432; x_wconf 83' lang='lat' dir='ltr'>est.</span> <span class='ocrx_word' id='word_1_15' title='bbox 1012 351 1137 432; x_wconf 64' lang='lat' dir='ltr'>‚crus</span> <span class='ocrx_word' id='word_1_16' title='bbox 1171 375 1274 443; x_wconf 86' lang='lat' dir='ltr'>quum</span> 
     </span>
     <span class='ocr_line' id='line_1_3' title="bbox 130 373 1275 535; baseline 0.003 -31"><span class='ocrx_word' id='word_1_17' title='bbox 130 440 215 504; x_wconf 91' lang='lat' dir='ltr'>Juno</span> <span class='ocrx_word' id='word_1_18' title='bbox 248 373 402 504; x_wconf 71' lang='lat' dir='ltr'>lbllaciam</span> <span class='ocrx_word' id='word_1_19' title='bbox 431 438 709 528; x_wconf 79' lang='lat' dir='ltr'>deprehendisset,</span> <span class='ocrx_word' id='word_1_20' title='bbox 744 437 835 527; x_wconf 84' lang='lat' dir='ltr'>petiit</span> <span class='ocrx_word' id='word_1_21' title='bbox 863 458 993 535; x_wconf 79' lang='lat' dir='ltr'>yoccam</span> <span class='ocrx_word' id='word_1_22' title='bbox 1023 460 1044 506; x_wconf 90' lang='lat' dir='ltr'>a</span> <span class='ocrx_word' id='word_1_23' title='bbox 1071 378 1155 505; x_wconf 70' lang='lat' dir='ltr'>love</span> <span class='ocrx_word' id='word_1_24' title='bbox 1173 439 1275 507; x_wconf 43' lang='lat' dir='ltr'>‘velut</span> 
     </span>
     <span class='ocr_line' id='line_1_4' title="bbox 131 523 1275 614; baseline 0.002 -23"><span class='ocrx_word' id='word_1_25' title='bbox 131 548 246 591; x_wconf 89' lang='lat' dir='ltr'>munus</span> <span class='ocrx_word' id='word_1_26' title='bbox 272 525 331 591; x_wconf 90' lang='lat' dir='ltr'>sibi</span> <span class='ocrx_word' id='word_1_27' title='bbox 360 525 448 606; x_wconf 79' lang='lat' dir='ltr'>dari,</span> <span class='ocrx_word' id='word_1_28' title='bbox 478 549 517 591; x_wconf 87' lang='lat' dir='ltr'>eo</span> <span class='ocrx_word' id='word_1_29' title='bbox 547 523 635 612; x_wconf 89' lang='lat' dir='ltr'>quod</span> <span class='ocrx_word' id='word_1_30' title='bbox 663 524 838 614; x_wconf 80' lang='lat' dir='ltr'>speciosior</span> <span class='ocrx_word' id='word_1_31' title='bbox 866 534 953 590; x_wconf 85' lang='lat' dir='ltr'>esset</span> <span class='ocrx_word' id='word_1_32' title='bbox 972 525 1088 592; x_wconf 80' lang='lat' dir='ltr'>ceteris</span> <span class='ocrx_word' id='word_1_33' title='bbox 1109 527 1275 606; x_wconf 84' lang='lat' dir='ltr'>armentis,</span> 
     </span>
     <span class='ocr_line' id='line_1_5' title="bbox 133 608 1275 700; baseline 0.002 -24"><span class='ocrx_word' id='word_1_34' title='bbox 133 634 216 698; x_wconf 88' lang='lat' dir='ltr'>quae</span> <span class='ocrx_word' id='word_1_35' title='bbox 242 611 274 676; x_wconf 93' lang='lat' dir='ltr'>iu</span> <span class='ocrx_word' id='word_1_36' title='bbox 301 608 526 700; x_wconf 85' lang='lat' dir='ltr'>Peloponneso</span> <span class='ocrx_word' id='word_1_37' title='bbox 549 625 730 677; x_wconf 89' lang='lat' dir='ltr'>cernuntur.</span> <span class='ocrx_word' id='word_1_38' title='bbox 772 608 921 697; x_wconf 87' lang='lat' dir='ltr'>Juppiter</span> <span class='ocrx_word' id='word_1_39' title='bbox 949 615 1131 692; x_wconf 51' lang='lat' dir='ltr'>veropne,</span> <span class='ocrx_word' id='word_1_40' title='bbox 1159 612 1186 678; x_wconf 86' lang='lat' dir='ltr'>si</span> <span class='ocrx_word' id='word_1_41' title='bbox 1214 625 1275 677; x_wconf 77' lang='lat' dir='ltr'>ne-</span> 
     </span>
     <span class='ocr_line' id='line_1_6' title="bbox 107 693 1316 787; baseline -0.002 -20"><span class='ocrx_word' id='word_1_42' title='bbox 107 708 261 784; x_wconf 67' lang='lat' dir='ltr'>tgasset,</span> <span class='ocrx_word' id='word_1_43' title='bbox 283 708 426 784; x_wconf 79' lang='lat' dir='ltr'>stuprum</span> <span class='ocrx_word' id='word_1_44' title='bbox 446 696 772 787; x_wconf 62' lang='lat' dir='ltr'>proderetprpuellam</span> <span class='ocrx_word' id='word_1_45' title='bbox 792 693 932 780; x_wconf 72' lang='lat' dir='ltr'>tradidit.</span> <span class='ocrx_word' id='word_1_46' title='bbox 974 695 1079 776; x_wconf 90' lang='lat' dir='ltr'>Jnno,</span> <span class='ocrx_word' id='word_1_47' title='bbox 1108 719 1151 762; x_wconf 88' lang='lat' dir='ltr'>ne</span> <span class='ocrx_word' id='word_1_48' title='bbox 1169 697 1276 785; x_wconf 83' lang='lat' dir='ltr'>pellex</span> <span class='ocrx_word' id='word_1_49' title='bbox 1310 704 1316 715; x_wconf 85' lang='grc'><strong><em>”</em></strong></span> 
     </span>
     <span class='ocr_line' id='line_1_7' title="bbox 132 781 1279 871; baseline 0.001 -22"><span class='ocrx_word' id='word_1_50' title='bbox 132 783 200 871; x_wconf 87' lang='lat' dir='ltr'>ejus</span> <span class='ocrx_word' id='word_1_51' title='bbox 223 782 356 870; x_wconf 88' lang='lat' dir='ltr'>amplius</span> <span class='ocrx_word' id='word_1_52' title='bbox 377 784 458 848; x_wconf 88' lang='lat' dir='ltr'>Jove</span> <span class='ocrx_word' id='word_1_53' title='bbox 474 784 646 871; x_wconf 87' lang='lat' dir='ltr'>potiretur,</span> <span class='ocrx_word' id='word_1_54' title='bbox 668 787 802 869; x_wconf 81' lang='lat' dir='ltr'>Argum,</span> <span class='ocrx_word' id='word_1_55' title='bbox 821 781 1077 848; x_wconf 85' lang='lat' dir='ltr'>centumoculos</span> <span class='ocrx_word' id='word_1_56' title='bbox 1091 783 1279 861; x_wconf 86' lang='lat' dir='ltr'>habentem,</span> 
     </span>
     <span class='ocr_line' id='line_1_8' title="bbox 133 866 1278 959; baseline 0.004 -26"><span class='ocrx_word' id='word_1_57' title='bbox 133 870 162 933; x_wconf 92' lang='lat' dir='ltr'>ei</span> <span class='ocrx_word' id='word_1_58' title='bbox 184 868 351 936; x_wconf 78' lang='lat' dir='ltr'>custodem</span> <span class='ocrx_word' id='word_1_59' title='bbox 372 870 545 958; x_wconf 75' lang='lat' dir='ltr'>praefecit,</span> <span class='ocrx_word' id='word_1_60' title='bbox 570 891 666 959; x_wconf 83' lang='lat' dir='ltr'>quem</span> <span class='ocrx_word' id='word_1_61' title='bbox 687 866 867 935; x_wconf 86' lang='lat' dir='ltr'>Mercurius</span> <span class='ocrx_word' id='word_1_62' title='bbox 883 867 975 955; x_wconf 87' lang='lat' dir='ltr'>jussu</span> <span class='ocrx_word' id='word_1_63' title='bbox 992 867 1083 935; x_wconf 85' lang='lat' dir='ltr'>Joris</span> <span class='ocrx_word' id='word_1_64' title='bbox 1105 869 1278 938; x_wconf 80' lang='lat' dir='ltr'>interemit.</span> 
     </span>
     <span class='ocr_line' id='line_1_9' title="bbox 132 953 1277 1044; baseline 0.003 -24"><span class='ocrx_word' id='word_1_65' title='bbox 132 955 218 1020; x_wconf 87' lang='lat' dir='ltr'>Jnno</span> <span class='ocrx_word' id='word_1_66' title='bbox 239 958 389 1040; x_wconf 76' lang='lat' dir='ltr'>Argum,</span> <span class='ocrx_word' id='word_1_67' title='bbox 417 956 491 1043; x_wconf 87' lang='lat' dir='ltr'>quia</span> <span class='ocrx_word' id='word_1_68' title='bbox 521 956 564 1021; x_wconf 86' lang='lat' dir='ltr'>ob</span> <span class='ocrx_word' id='word_1_69' title='bbox 588 953 775 1037; x_wconf 78' lang='lat' dir='ltr'>¹custodiam</span> <span class='ocrx_word' id='word_1_70' title='bbox 801 954 862 1022; x_wconf 87' lang='lat' dir='ltr'>sibi</span> <span class='ocrx_word' id='word_1_71' title='bbox 881 965 1026 1021; x_wconf 89' lang='lat' dir='ltr'>mortuus</span> <span class='ocrx_word' id='word_1_72' title='bbox 1048 966 1135 1030; x_wconf 88' lang='lat' dir='ltr'>erat,</span> <span class='ocrx_word' id='word_1_73' title='bbox 1162 957 1195 1022; x_wconf 93' lang='lat' dir='ltr'>in</span> <span class='ocrx_word' id='word_1_74' title='bbox 1216 979 1277 1044; x_wconf 88' lang='lat' dir='ltr'>pa-</span> 
     </span>
     <span class='ocr_line' id='line_1_10' title="bbox 134 1039 1278 1129; baseline 0.005 -25"><span class='ocrx_word' id='word_1_75' title='bbox 134 1063 247 1105; x_wconf 81' lang='lat' dir='ltr'>rooem</span> <span class='ocrx_word' id='word_1_76' title='bbox 275 1042 527 1118; x_wconf 82' lang='lat' dir='ltr'>transformavit,</span> <span class='ocrx_word' id='word_1_77' title='bbox 566 1052 601 1109; x_wconf 82' lang='lat' dir='ltr'>et</span> <span class='ocrx_word' id='word_1_78' title='bbox 630 1052 797 1128; x_wconf 87' lang='lat' dir='ltr'>receptum</span> <span class='ocrx_word' id='word_1_79' title='bbox 819 1040 852 1108; x_wconf 95' lang='lat' dir='ltr'>iu</span> <span class='ocrx_word' id='word_1_80' title='bbox 883 1060 974 1107; x_wconf 83' lang='lat' dir='ltr'>suom</span> <span class='ocrx_word' id='word_1_81' title='bbox 1002 1039 1134 1108; x_wconf 86' lang='lat' dir='ltr'>tutelam</span> <span class='ocrx_word' id='word_1_82' title='bbox 1162 1042 1278 1129; x_wconf 86' lang='lat' dir='ltr'>pennis</span> 
     </span>
     <span class='ocr_line' id='line_1_11' title="bbox 93 1125 1277 1216; baseline 0.002 -24"><span class='ocrx_word' id='word_1_83' title='bbox 93 1126 311 1215; x_wconf 80' lang='lat' dir='ltr'>loinsignibus</span> <span class='ocrx_word' id='word_1_84' title='bbox 331 1127 447 1193; x_wconf 80' lang='lat' dir='ltr'>amissa</span> <span class='ocrx_word' id='word_1_85' title='bbox 466 1127 583 1193; x_wconf 88' lang='lat' dir='ltr'>lumina</span> <span class='ocrx_word' id='word_1_86' title='bbox 605 1126 776 1193; x_wconf 77' lang='lat' dir='ltr'>exornavit.</span> <span class='ocrx_word' id='word_1_87' title='bbox 819 1125 857 1193; x_wconf 92' lang='lat' dir='ltr'>Io</span> <span class='ocrx_word' id='word_1_88' title='bbox 900 1148 998 1214; x_wconf 78' lang='lat' dir='ltr'>quum</span> <span class='ocrx_word' id='word_1_89' title='bbox 1019 1126 1128 1194; x_wconf 80' lang='lat' dir='ltr'>Furiis</span> <span class='ocrx_word' id='word_1_90' title='bbox 1162 1128 1277 1216; x_wconf 53' lang='lat' dir='ltr'>exegi*</span> 
     </span>
     <span class='ocr_line' id='line_1_12' title="bbox 133 1210 1279 1365; baseline 0.003 -86"><span class='ocrx_word' id='word_1_91' title='bbox 133 1222 219 1291; x_wconf 83' lang='lat' dir='ltr'>tata,</span> <span class='ocrx_word' id='word_1_92' title='bbox 247 1215 360 1279; x_wconf 91' lang='lat' dir='ltr'>orbem</span> <span class='ocrx_word' id='word_1_93' title='bbox 389 1225 553 1279; x_wconf 87' lang='lat' dir='ltr'>terrarum·</span> <span class='ocrx_word' id='word_1_94' title='bbox 573 1221 800 1300; x_wconf 78' lang='lat' dir='ltr'>peragrasset,</span> <span class='ocrx_word' id='word_1_95' title='bbox 832 1210 1002 1279; x_wconf 86' lang='lat' dir='ltr'>novissime</span> <span class='ocrx_word' id='word_1_96' title='bbox 1028 1211 1062 1277; x_wconf 91' lang='lat' dir='ltr'>in</span> <span class='ocrx_word' id='word_1_97' title='bbox 1090 1215 1279 1365; x_wconf 59' lang='lat' dir='ltr'>Aepypturn</span> 
     </span>
     <span class='ocr_line' id='line_1_13' title="bbox 134 1296 1278 1395; baseline 0.006 -32"><span class='ocrx_word' id='word_1_98' title='bbox 134 1296 240 1395; x_wconf 82' lang='lat' dir='ltr'>delato</span> <span class='ocrx_word' id='word_1_99' title='bbox 268 1311 327 1365; x_wconf 86' lang='lat' dir='ltr'>est.</span> <span class='ocrx_word' id='word_1_100' title='bbox 376 1299 425 1364; x_wconf 87' lang='lat' dir='ltr'>Ibi</span> <span class='ocrx_word' id='word_1_101' title='bbox 457 1299 582 1386; x_wconf 83' lang='lat' dir='ltr'>placata</span> <span class='ocrx_word' id='word_1_102' title='bbox 609 1299 738 1365; x_wconf 87' lang='lat' dir='ltr'>Juoone</span> <span class='ocrx_word' id='word_1_103' title='bbox 764 1320 785 1366; x_wconf 92' lang='lat' dir='ltr'>a</span> <span class='ocrx_word' id='word_1_104' title='bbox 811 1297 912 1381; x_wconf 83' lang='lat' dir='ltr'>Jove,</span> <span class='ocrx_word' id='word_1_105' title='bbox 945 1297 1110 1387; x_wconf 82' lang='lat' dir='ltr'>pristinam</span> <span class='ocrx_word' id='word_1_106' title='bbox 1153 1322 1278 1370; x_wconf 87' lang='lat' dir='ltr'>ormam</span> 
     </span>
     <span class='ocr_line' id='line_1_14' title="bbox 134 1385 1129 1474; baseline 0.006 -26"><span class='ocrx_word' id='word_1_107' title='bbox 134 1385 275 1472; x_wconf 89' lang='lat' dir='ltr'>recepit,</span> <span class='ocrx_word' id='word_1_108' title='bbox 297 1396 394 1474; x_wconf 82' lang='lat' dir='ltr'>atquc</span> <span class='ocrx_word' id='word_1_109' title='bbox 416 1386 641 1454; x_wconf 87' lang='lat' dir='ltr'>nominabatur</span> <span class='ocrx_word' id='word_1_110' title='bbox 659 1385 730 1453; x_wconf 87' lang='lat' dir='ltr'>Isis.</span> <span class='ocrx_word' id='word_1_111' title='bbox 1125 1420 1129 1429; x_wconf 94' lang='lat'>·</span> 
     </span>
    </p>
   </div>
   <div class='ocr_carea' id='block_1_3' title="bbox 1104 1471 1109 1479">
    <p class='ocr_par' dir='ltr' id='par_1_3' title="bbox 1104 1471 1109 1479">
     <span class='ocr_line' id='line_1_15' title="bbox 1104 1471 1109 1479; baseline 0 0"><span class='ocrx_word' id='word_1_112' title='bbox 1104 1471 1109 1479; x_wconf 75' lang='grc' dir='ltr'>ι</span> 
     </span>
    </p>
   </div>
   <div class='ocr_carea' id='block_1_4' title="bbox 398 1579 1011 1687">
    <p class='ocr_par' dir='ltr' id='par_1_4' title="bbox 398 1579 1011 1687">
     <span class='ocr_line' id='line_1_16' title="bbox 398 1579 1011 1687; baseline -0.002 -28"><span class='ocrx_word' id='word_1_113' title='bbox 398 1582 465 1659; x_wconf 72' lang='lat' dir='ltr'>Ab.</span> <span class='ocrx_word' id='word_1_114' title='bbox 520 1588 689 1660; x_wconf 77' lang='lat' dir='ltr'>Icarus</span> <span class='ocrx_word' id='word_1_115' title='bbox 710 1583 765 1661; x_wconf 64' lang='lat' dir='ltr'>&#39;et</span> <span class='ocrx_word' id='word_1_116' title='bbox 795 1579 1011 1687; x_wconf 75' lang='lat' dir='ltr'>Erigone.</span> 
     </span>
    </p>
   </div>
   <div class='ocr_carea' id='block_1_5' title="bbox 50 1711 1289 3443">
    <p class='ocr_par' dir='ltr' id='par_1_5' title="bbox 95 1711 1281 1975">
     <span class='ocr_line' id='line_1_17' title="bbox 95 1711 1281 1806; baseline 0.001 -22"><span class='ocrx_word' id='word_1_117' title='bbox 95 1728 129 1784; x_wconf 79' lang='lat'>15</span> <span class='ocrx_word' id='word_1_118' title='bbox 221 1712 351 1794; x_wconf 86' lang='lat' dir='ltr'>Icarus,</span> <span class='ocrx_word' id='word_1_119' title='bbox 372 1726 465 1802; x_wconf 88' lang='lat' dir='ltr'>pater</span> <span class='ocrx_word' id='word_1_120' title='bbox 482 1716 668 1804; x_wconf 75' lang='lat' dir='ltr'>Erigonae,</span> <span class='ocrx_word' id='word_1_121' title='bbox 691 1734 790 1803; x_wconf 89' lang='lat' dir='ltr'>quum</span> <span class='ocrx_word' id='word_1_122' title='bbox 810 1723 981 1803; x_wconf 72' lang='lat' dir='ltr'>occeptum</span> <span class='ocrx_word' id='word_1_123' title='bbox 1002 1736 1022 1780; x_wconf 84' lang='lat' dir='ltr'>a</span> <span class='ocrx_word' id='word_1_124' title='bbox 1043 1711 1165 1781; x_wconf 85' lang='lat' dir='ltr'>Libero</span> <span class='ocrx_word' id='word_1_125' title='bbox 1185 1724 1281 1806; x_wconf 89' lang='lat' dir='ltr'>patre</span> 
     </span>
     <span class='ocr_line' id='line_1_18' title="bbox 135 1797 1280 1890; baseline 0.006 -26"><span class='ocrx_word' id='word_1_126' title='bbox 135 1797 241 1864; x_wconf 85' lang='lat' dir='ltr'>viuum</span> <span class='ocrx_word' id='word_1_127' title='bbox 262 1800 447 1871; x_wconf 86' lang='lat' dir='ltr'>mortalibus</span> <span class='ocrx_word' id='word_1_128' title='bbox 467 1801 652 1881; x_wconf 80' lang='lat' dir='ltr'>indicasset,</span> <span class='ocrx_word' id='word_1_129' title='bbox 676 1801 804 1868; x_wconf 88' lang='lat' dir='ltr'>occisus</span> <span class='ocrx_word' id='word_1_130' title='bbox 828 1812 878 1868; x_wconf 85' lang='lat' dir='ltr'>est</span> <span class='ocrx_word' id='word_1_131' title='bbox 897 1822 919 1865; x_wconf 85' lang='lat' dir='ltr'>a</span> <span class='ocrx_word' id='word_1_132' title='bbox 939 1800 1077 1881; x_wconf 83' lang='lat' dir='ltr'>rusticis,</span> <span class='ocrx_word' id='word_1_133' title='bbox 1100 1801 1280 1890; x_wconf 66' lang='lat' dir='ltr'>qui‘qnum</span> 
     </span>
     <span class='ocr_line' id='line_1_19' title="bbox 136 1883 1280 1975; baseline 0.004 -25"><span class='ocrx_word' id='word_1_134' title='bbox 136 1883 205 1971; x_wconf 90' lang='lat' dir='ltr'>plus</span> <span class='ocrx_word' id='word_1_135' title='bbox 228 1895 332 1972; x_wconf 81' lang='lat' dir='ltr'>aequo</span> <span class='ocrx_word' id='word_1_136' title='bbox 354 1897 529 1974; x_wconf 79' lang='lat' dir='ltr'>potassent,</span> <span class='ocrx_word' id='word_1_137' title='bbox 552 1887 676 1966; x_wconf 86' lang='lat' dir='ltr'>ebriati,</span> <span class='ocrx_word' id='word_1_138' title='bbox 694 1909 734 1952; x_wconf 88' lang='lat' dir='ltr'>se</span> <span class='ocrx_word' id='word_1_139' title='bbox 754 1907 914 1952; x_wconf 81' lang='lat' dir='ltr'>venenum</span> <span class='ocrx_word' id='word_1_140' title='bbox 933 1888 1107 1975; x_wconf 86' lang='lat' dir='ltr'>accepisse,</span> <span class='ocrx_word' id='word_1_141' title='bbox 1129 1887 1280 1962; x_wconf 83' lang='lat' dir='ltr'>credide-</span> 
     </span>
    </p>

    <p class='ocr_par' dir='ltr' id='par_1_6' title="bbox 107 1969 1281 2063">
     <span class='ocr_line' id='line_1_20' title="bbox 107 1969 1281 2063; baseline 0.006 -29"><span class='ocrx_word' id='word_1_142' title='bbox 107 1981 216 2036; x_wconf 68' lang='lat' dir='ltr'>‘raot</span> <span class='ocrx_word' id='word_1_143' title='bbox 240 1971 367 2061; x_wconf 56' lang='lat' dir='ltr'>&gt;Hujus</span> <span class='ocrx_word' id='word_1_144' title='bbox 397 1975 484 2040; x_wconf 87' lang='lat' dir='ltr'>canis</span> <span class='ocrx_word' id='word_1_145' title='bbox 514 1984 565 2041; x_wconf 84' lang='lat' dir='ltr'>est</span> <span class='ocrx_word' id='word_1_146' title='bbox 592 1995 740 2040; x_wconf 77' lang='lat' dir='ltr'>resersus</span> <span class='ocrx_word' id='word_1_147' title='bbox 768 1969 812 2038; x_wconf 87' lang='lat' dir='ltr'>ad</span> <span class='ocrx_word' id='word_1_148' title='bbox 838 1971 1019 2059; x_wconf 78' lang='lat' dir='ltr'>Erigonam</span> <span class='ocrx_word' id='word_1_149' title='bbox 1047 1973 1161 2055; x_wconf 88' lang='lat' dir='ltr'>filiam,</span> <span class='ocrx_word' id='word_1_150' title='bbox 1192 1995 1281 2063; x_wconf 86' lang='lat' dir='ltr'>quae</span> 
     </span>
    </p>

    <p class='ocr_par' dir='ltr' id='par_1_7' title="bbox 50 2056 1281 2148">
     <span class='ocr_line' id='line_1_21' title="bbox 50 2056 1281 2148; baseline 0.006 -28"><span class='ocrx_word' id='word_1_151' title='bbox 50 2082 53 2089; x_wconf 90' lang='lat'>·</span> <span class='ocrx_word' id='word_1_152' title='bbox 137 2078 253 2144; x_wconf 87' lang='lat' dir='ltr'>quum,</span> <span class='ocrx_word' id='word_1_153' title='bbox 279 2056 347 2146; x_wconf 85' lang='lat' dir='ltr'>ejus</span> <span class='ocrx_word' id='word_1_154' title='bbox 368 2059 520 2127; x_wconf 89' lang='lat' dir='ltr'>comitata</span> <span class='ocrx_word' id='word_1_155' title='bbox 542 2060 695 2148; x_wconf 75' lang='lat' dir='ltr'>vestigia,</span> <span class='ocrx_word' id='word_1_156' title='bbox 723 2057 921 2147; x_wconf 82' lang='lat' dir='ltr'>pervenisset</span> <span class='ocrx_word' id='word_1_157' title='bbox 949 2058 992 2125; x_wconf 85' lang='lat' dir='ltr'>ad</span> <span class='ocrx_word' id='word_1_158' title='bbox 1009 2058 1106 2147; x_wconf 83' lang='lat' dir='ltr'>patris</span> <span class='ocrx_word' id='word_1_159' title='bbox 1130 2056 1281 2141; x_wconf 84' lang='lat' dir='ltr'>cadaver,</span> 
     </span>
    </p>

    <p class='ocr_par' dir='ltr' id='par_1_8' title="bbox 95 2141 1283 2579">
     <span class='ocr_line' id='line_1_22' title="bbox 95 2141 1281 2231; baseline 0.008 -26"><span class='ocrx_word' id='word_1_160' title='bbox 95 2141 251 2229; x_wconf 75' lang='lat' dir='ltr'>aulaqueo</span> <span class='ocrx_word' id='word_1_161' title='bbox 280 2145 375 2211; x_wconf 83' lang='lat' dir='ltr'>vitam</span> <span class='ocrx_word' id='word_1_162' title='bbox 404 2145 513 2231; x_wconf 77' lang='lat' dir='ltr'>finirit.</span> <span class='ocrx_word' id='word_1_163' title='bbox 562 2148 658 2213; x_wconf 85' lang='lat' dir='ltr'>Haec</span> <span class='ocrx_word' id='word_1_164' title='bbox 684 2144 821 2210; x_wconf 88' lang='lat' dir='ltr'>deorum</span> <span class='ocrx_word' id='word_1_165' title='bbox 847 2144 1054 2212; x_wconf 84' lang='lat' dir='ltr'>miseratione¹</span> <span class='ocrx_word' id='word_1_166' title='bbox 1077 2147 1160 2213; x_wconf 81' lang='lat' dir='ltr'>inter</span> <span class='ocrx_word' id='word_1_167' title='bbox 1190 2158 1281 2214; x_wconf 85' lang='lat' dir='ltr'>astra</span> 
     </span>
     <span class='ocr_line' id='line_1_23' title="bbox 135 2229 1282 2320; baseline 0.004 -27"><span class='ocrx_word' id='word_1_168' title='bbox 135 2229 236 2295; x_wconf 86' lang='lat' dir='ltr'>relato</span> <span class='ocrx_word' id='word_1_169' title='bbox 264 2241 330 2308; x_wconf 86' lang='lat' dir='ltr'>est,</span> <span class='ocrx_word' id='word_1_170' title='bbox 356 2253 459 2318; x_wconf 79' lang='lat' dir='ltr'>‚quam</span> <span class='ocrx_word' id='word_1_171' title='bbox 481 2231 543 2298; x_wconf 75' lang='lat' dir='ltr'>‚vir</span> <span class='ocrx_word' id='word_1_172' title='bbox 571 2232 663 2297; x_wconf 84' lang='lat' dir='ltr'>inem</span> <span class='ocrx_word' id='word_1_173' title='bbox 689 2240 813 2297; x_wconf 83' lang='lat' dir='ltr'>vocant</span> <span class='ocrx_word' id='word_1_174' title='bbox 854 2229 956 2297; x_wconf 69' lang='lat' dir='ltr'>(lanis</span> <span class='ocrx_word' id='word_1_175' title='bbox 976 2253 1106 2320; x_wconf 86' lang='lat' dir='ltr'>quoque</span> <span class='ocrx_word' id='word_1_176' title='bbox 1122 2230 1174 2296; x_wconf 93' lang='lat' dir='ltr'>ille</span> <span class='ocrx_word' id='word_1_177' title='bbox 1195 2232 1282 2300; x_wconf 86' lang='lat' dir='ltr'>inter</span> 
     </span>
     <span class='ocr_line' id='line_1_24' title="bbox 137 2254 1281 2406; baseline 0.004 -26"><span class='ocrx_word' id='word_1_178' title='bbox 137 2313 243 2380; x_wconf 87' lang='lat' dir='ltr'>sidera</span> <span class='ocrx_word' id='word_1_179' title='bbox 266 2315 449 2383; x_wconf 85' lang='lat' dir='ltr'>collocatus.</span> <span class='ocrx_word' id='word_1_180' title='bbox 492 2254 568 2384; x_wconf 70' lang='lat' dir='ltr'>sei</span> <span class='ocrx_word' id='word_1_181' title='bbox 591 2339 650 2405; x_wconf 89' lang='lat' dir='ltr'>per</span> <span class='ocrx_word' id='word_1_182' title='bbox 669 2316 866 2405; x_wconf 83' lang='lat' dir='ltr'>aliquantum</span> <span class='ocrx_word' id='word_1_183' title='bbox 884 2328 1012 2406; x_wconf 81' lang='lat' dir='ltr'>tempus</span> <span class='ocrx_word' id='word_1_184' title='bbox 1033 2317 1281 2386; x_wconf 81' lang='lat' dir='ltr'>Atheniensibus</span> 
     </span>
     <span class='ocr_line' id='line_1_25' title="bbox 137 2400 1281 2492; baseline 0.003 -27"><span class='ocrx_word' id='word_1_185' title='bbox 137 2402 268 2467; x_wconf 87' lang='lat' dir='ltr'>morbus</span> <span class='ocrx_word' id='word_1_186' title='bbox 289 2402 447 2469; x_wconf 85' lang='lat' dir='ltr'>immissus</span> <span class='ocrx_word' id='word_1_187' title='bbox 467 2415 520 2472; x_wconf 92' lang='lat' dir='ltr'>est</span> <span class='ocrx_word' id='word_1_188' title='bbox 540 2403 628 2486; x_wconf 85' lang='lat' dir='ltr'>talis,</span> <span class='ocrx_word' id='word_1_189' title='bbox 648 2414 685 2472; x_wconf 87' lang='lat' dir='ltr'>nt</span> <span class='ocrx_word' id='word_1_190' title='bbox 707 2423 822 2469; x_wconf 85' lang='lat' dir='ltr'>eorum</span> <span class='ocrx_word' id='word_1_191' title='bbox 843 2400 983 2490; x_wconf 80' lang='lat' dir='ltr'>virgines</span> <span class='ocrx_word' id='word_1_192' title='bbox 1002 2403 1145 2492; x_wconf 83' lang='lat' dir='ltr'>quodam</span> <span class='ocrx_word' id='word_1_193' title='bbox 1167 2405 1281 2471; x_wconf 84' lang='lat' dir='ltr'>lurore</span> 
     </span>
     <span class='ocr_line' id='line_1_26' title="bbox 138 2485 1283 2579; baseline 0.005 -28"><span class='ocrx_word' id='word_1_194' title='bbox 138 2487 403 2574; x_wconf 89' lang='lat' dir='ltr'>compellerentur</span> <span class='ocrx_word' id='word_1_195' title='bbox 423 2485 465 2555; x_wconf 95' lang='lat' dir='ltr'>ad</span> <span class='ocrx_word' id='word_1_196' title='bbox 485 2489 642 2579; x_wconf 87' lang='lat' dir='ltr'>laqueum.</span> <span class='ocrx_word' id='word_1_197' title='bbox 686 2485 933 2578; x_wconf 78' lang='lat' dir='ltr'>Responditque</span> <span class='ocrx_word' id='word_1_198' title='bbox 955 2486 1142 2571; x_wconf 90' lang='lat' dir='ltr'>oraculum,</span> <span class='ocrx_word' id='word_1_199' title='bbox 1172 2489 1283 2557; x_wconf 88' lang='lat' dir='ltr'>sedari</span> 
     </span>
    </p>

    <p class='ocr_par' dir='ltr' id='par_1_9' title="bbox 95 2573 1289 3258">
     <span class='ocr_line' id='line_1_27' title="bbox 95 2573 1283 2664; baseline 0.003 -26"><span class='ocrx_word' id='word_1_200' title='bbox 95 2595 234 2661; x_wconf 74' lang='lat' dir='ltr'>25posse</span> <span class='ocrx_word' id='word_1_201' title='bbox 261 2573 344 2640; x_wconf 92' lang='lat' dir='ltr'>illam</span> <span class='ocrx_word' id='word_1_202' title='bbox 372 2575 599 2664; x_wconf 84' lang='lat' dir='ltr'>pestilentiam,</span> <span class='ocrx_word' id='word_1_203' title='bbox 634 2575 662 2642; x_wconf 90' lang='lat' dir='ltr'>si</span> <span class='ocrx_word' id='word_1_204' title='bbox 690 2575 860 2663; x_wconf 82' lang='lat' dir='ltr'>Erigonae</span> <span class='ocrx_word' id='word_1_205' title='bbox 887 2587 921 2642; x_wconf 88' lang='lat' dir='ltr'>et</span> <span class='ocrx_word' id='word_1_206' title='bbox 942 2574 1027 2643; x_wconf 88' lang='lat' dir='ltr'>Icari</span> <span class='ocrx_word' id='word_1_207' title='bbox 1048 2573 1207 2643; x_wconf 84' lang='lat' dir='ltr'>cadavera</span> <span class='ocrx_word' id='word_1_208' title='bbox 1227 2599 1283 2642; x_wconf 91' lang='lat' dir='ltr'>re-</span> 
     </span>
     <span class='ocr_line' id='line_1_28' title="bbox 137 2659 1289 2816; baseline 0.006 -7"><span class='ocrx_word' id='word_1_209' title='bbox 137 2659 1289 2816; x_wconf 57' lang='lat' dir='ltr'>tl‘tztltlh,tlt,tlt&#39;ffldtt,tlttlhtlttttllllit‘l‘s</span> 
     </span>
     <span class='ocr_line' id='line_1_29' title="bbox 1050 2796 1060 2825; baseline 0 0"><span class='ocrx_word' id='word_1_210' title='bbox 1050 2796 1060 2825; x_wconf 73' lang='grc'><strong>9</strong></span> 
     </span>
     <span class='ocr_line' id='line_1_30' title="bbox 138 2830 1284 2920; baseline 0.008 -26"><span class='ocrx_word' id='word_1_211' title='bbox 138 2830 239 2896; x_wconf 87' lang='lat' dir='ltr'>alieno</span> <span class='ocrx_word' id='word_1_212' title='bbox 279 2854 317 2899; x_wconf 87' lang='lat' dir='ltr'>ea</span> <span class='ocrx_word' id='word_1_213' title='bbox 353 2855 511 2920; x_wconf 87' lang='lat' dir='ltr'>quaerere</span> <span class='ocrx_word' id='word_1_214' title='bbox 540 2834 724 2903; x_wconf 86' lang='lat' dir='ltr'>viderentur</span> <span class='ocrx_word' id='word_1_215' title='bbox 748 2831 930 2916; x_wconf 84' lang='lat' dir='ltr'>elemento,</span> <span class='ocrx_word' id='word_1_216' title='bbox 965 2830 1203 2920; x_wconf 90' lang='lat' dir='ltr'>suspenderunt</span> <span class='ocrx_word' id='word_1_217' title='bbox 1238 2833 1284 2903; x_wconf 87' lang='lat' dir='ltr'>dc</span> 
     </span>
     <span class='ocr_line' id='line_1_31' title="bbox 138 2917 1284 3010; baseline 0.006 -28"><span class='ocrx_word' id='word_1_218' title='bbox 138 2917 305 2983; x_wconf 86' lang='lat' dir='ltr'>arboribus</span> <span class='ocrx_word' id='word_1_219' title='bbox 338 2919 463 3000; x_wconf 82' lang='lat' dir='ltr'>funem,</span> <span class='ocrx_word' id='word_1_220' title='bbox 496 2920 538 2988; x_wconf 85' lang='lat' dir='ltr'>ad</span> <span class='ocrx_word' id='word_1_221' title='bbox 567 2944 663 3010; x_wconf 88' lang='lat' dir='ltr'>quem</span> <span class='ocrx_word' id='word_1_222' title='bbox 694 2941 730 2986; x_wconf 82' lang='lat' dir='ltr'>se</span> <span class='ocrx_word' id='word_1_223' title='bbox 758 2930 904 2987; x_wconf 87' lang='lat' dir='ltr'>tenentes</span> <span class='ocrx_word' id='word_1_224' title='bbox 931 2919 1074 2987; x_wconf 89' lang='lat' dir='ltr'>homines</span> <span class='ocrx_word' id='word_1_225' title='bbox 1096 2919 1162 2986; x_wconf 92' lang='lat' dir='ltr'>bno</span> <span class='ocrx_word' id='word_1_226' title='bbox 1182 2933 1284 3009; x_wconf 90' lang='lat' dir='ltr'>atque</span> 
     </span>
     <span class='ocr_line' id='line_1_32' title="bbox 96 3002 1283 3097; baseline 0.007 -31"><span class='ocrx_word' id='word_1_227' title='bbox 96 3002 211 3068; x_wconf 78' lang='lat' dir='ltr'>³0illuo</span> <span class='ocrx_word' id='word_1_228' title='bbox 236 3005 460 3088; x_wconf 79' lang='lat' dir='ltr'>agitabantur,</span> <span class='ocrx_word' id='word_1_229' title='bbox 498 3020 535 3077; x_wconf 89' lang='lat' dir='ltr'>ut</span> <span class='ocrx_word' id='word_1_230' title='bbox 560 3008 651 3097; x_wconf 86' lang='lat' dir='ltr'>quasi</span> <span class='ocrx_word' id='word_1_231' title='bbox 680 3016 716 3073; x_wconf 90' lang='lat' dir='ltr'>et</span> <span class='ocrx_word' id='word_1_232' title='bbox 742 3025 802 3093; x_wconf 90' lang='lat' dir='ltr'>per</span> <span class='ocrx_word' id='word_1_233' title='bbox 830 3011 940 3073; x_wconf 72' lang='lat' dir='ltr'>aerem</span> <span class='ocrx_word' id='word_1_234' title='bbox 967 3004 1092 3073; x_wconf 87' lang='lat' dir='ltr'>illorum</span> <span class='ocrx_word' id='word_1_235' title='bbox 1121 3005 1283 3075; x_wconf 84' lang='lat' dir='ltr'>cadavera</span> 
     </span>
     <span class='ocr_line' id='line_1_33' title="bbox 138 3088 1283 3182; baseline 0.005 -29"><span class='ocrx_word' id='word_1_236' title='bbox 138 3110 294 3176; x_wconf 87' lang='lat' dir='ltr'>quaerere</span> <span class='ocrx_word' id='word_1_237' title='bbox 311 3090 501 3161; x_wconf 85' lang='lat' dir='ltr'>riderentur.</span> <span class='ocrx_word' id='word_1_238' title='bbox 546 3093 614 3162; x_wconf 84' lang='lat' dir='ltr'>Sed</span> <span class='ocrx_word' id='word_1_239' title='bbox 635 3114 733 3182; x_wconf 85' lang='lat' dir='ltr'>quum</span> <span class='ocrx_word' id='word_1_240' title='bbox 759 3088 836 3156; x_wconf 90' lang='lat' dir='ltr'>inde</span> <span class='ocrx_word' id='word_1_241' title='bbox 886 3093 1007 3180; x_wconf 85' lang='lat' dir='ltr'>lerique</span> <span class='ocrx_word' id='word_1_242' title='bbox 1033 3090 1205 3174; x_wconf 84' lang='lat' dir='ltr'>caderent,</span> <span class='ocrx_word' id='word_1_243' title='bbox 1232 3095 1283 3159; x_wconf 91' lang='lat' dir='ltr'>iu-</span> 
     </span>
     <span class='ocr_line' id='line_1_34' title="bbox 138 3115 1283 3258; baseline 0.008 -19"><span class='ocrx_word' id='word_1_244' title='bbox 138 3187 265 3242; x_wconf 86' lang='lat' dir='ltr'>rentnm</span> <span class='ocrx_word' id='word_1_245' title='bbox 287 3188 352 3257; x_wconf 88' lang='lat' dir='ltr'>est,</span> <span class='ocrx_word' id='word_1_246' title='bbox 381 3189 419 3244; x_wconf 91' lang='lat' dir='ltr'>ut</span> <span class='ocrx_word' id='word_1_247' title='bbox 439 3179 559 3247; x_wconf 76' lang='lat' dir='ltr'>formas</span> <span class='ocrx_word' id='word_1_248' title='bbox 579 3179 621 3246; x_wconf 86' lang='lat' dir='ltr'>od</span> <span class='ocrx_word' id='word_1_249' title='bbox 642 3181 707 3246; x_wconf 92' lang='lat' dir='ltr'>oris</span> <span class='ocrx_word' id='word_1_250' title='bbox 723 3177 778 3243; x_wconf 82' lang='lat' dir='ltr'>sui</span> <span class='ocrx_word' id='word_1_251' title='bbox 800 3115 1033 3246; x_wconf 69' lang='lat' dir='ltr'>similtudinem</span> <span class='ocrx_word' id='word_1_252' title='bbox 1056 3178 1219 3258; x_wconf 84' lang='lat' dir='ltr'>lacerent,</span> <span class='ocrx_word' id='word_1_253' title='bbox 1248 3190 1283 3248; x_wconf 88' lang='lat' dir='ltr'>et</span> 
     </span>
    </p>

    <p class='ocr_par' dir='ltr' id='par_1_10' title="bbox 59 3261 1282 3350">
     <span class='ocr_line' id='line_1_35' title="bbox 59 3261 1282 3350; baseline 0.002 -20"><span class='ocrx_word' id='word_1_254' title='bbox 59 3319 64 3330; x_wconf 94' lang='lat'>.</span> <span class='ocrx_word' id='word_1_255' title='bbox 139 3283 194 3327; x_wconf 86' lang='lat' dir='ltr'>eas</span> <span class='ocrx_word' id='word_1_256' title='bbox 217 3283 276 3348; x_wconf 89' lang='lat' dir='ltr'>pro</span> <span class='ocrx_word' id='word_1_257' title='bbox 299 3285 334 3328; x_wconf 93' lang='lat' dir='ltr'>se</span> <span class='ocrx_word' id='word_1_258' title='bbox 355 3286 526 3350; x_wconf 83' lang='lat' dir='ltr'>suspensas</span> <span class='ocrx_word' id='word_1_259' title='bbox 547 3275 720 3332; x_wconf 84' lang='lat' dir='ltr'>moverent.</span> <span class='ocrx_word' id='word_1_260' title='bbox 773 3261 870 3328; x_wconf 88' lang='lat' dir='ltr'>Unde</span> <span class='ocrx_word' id='word_1_261' title='bbox 890 3265 1014 3330; x_wconf 82' lang='lat' dir='ltr'>oscilla</span> <span class='ocrx_word' id='word_1_262' title='bbox 1034 3262 1121 3331; x_wconf 86' lang='lat' dir='ltr'>dicta</span> <span class='ocrx_word' id='word_1_263' title='bbox 1143 3268 1282 3333; x_wconf 87' lang='lat' dir='ltr'>suntab</span> 
     </span>
    </p>

    <p class='ocr_par' dir='ltr' id='par_1_11' title="bbox 140 3346 1200 3443">
     <span class='ocr_line' id='line_1_36' title="bbox 140 3346 1200 3443; baseline 0.005 -31"><span class='ocrx_word' id='word_1_264' title='bbox 140 3370 198 3428; x_wconf 90' lang='lat' dir='ltr'>eo,</span> <span class='ocrx_word' id='word_1_265' title='bbox 220 3347 307 3435; x_wconf 89' lang='lat' dir='ltr'>qnod</span> <span class='ocrx_word' id='word_1_266' title='bbox 328 3349 360 3413; x_wconf 93' lang='lat' dir='ltr'>in</span> <span class='ocrx_word' id='word_1_267' title='bbox 381 3349 430 3416; x_wconf 87' lang='lat' dir='ltr'>his</span> <span class='ocrx_word' id='word_1_268' title='bbox 452 3352 717 3426; x_wconf 76' lang='lat' dir='ltr'>ancillarentur,</span> <span class='ocrx_word' id='word_1_269' title='bbox 737 3346 772 3415; x_wconf 84' lang='lat' dir='ltr'>id</span> <span class='ocrx_word' id='word_1_270' title='bbox 792 3360 843 3416; x_wconf 84' lang='lat' dir='ltr'>est</span> <span class='ocrx_word' id='word_1_271' title='bbox 863 3360 1083 3416; x_wconf 79' lang='lat' dir='ltr'>moverentur</span> <span class='ocrx_word' id='word_1_272' title='bbox 1104 3372 1200 3443; x_wconf 48' lang='lat' dir='ltr'>oram</span> 
     </span>
    </p>
   </div>
   <div class='ocr_carea' id='block_1_6' title="bbox 87 3521 1186 3680">
    <p class='ocr_par' dir='ltr' id='par_1_12' title="bbox 87 3521 1186 3680">
     <span class='ocr_line' id='line_1_37' title="bbox 87 3521 1186 3680; baseline 0.003 -30"><span class='ocrx_word' id='word_1_273' title='bbox 87 3521 134 3650; x_wconf 72' lang='lat' dir='ltr'>ss</span> <span class='ocrx_word' id='word_1_274' title='bbox 228 3569 297 3646; x_wconf 77' lang='lat'>20.</span> <span class='ocrx_word' id='word_1_275' title='bbox 352 3576 620 3677; x_wconf 77' lang='lat' dir='ltr'>Iphigenia,</span> <span class='ocrx_word' id='word_1_276' title='bbox 665 3577 859 3653; x_wconf 82' lang='lat' dir='ltr'>Orestes</span> <span class='ocrx_word' id='word_1_277' title='bbox 894 3584 936 3651; x_wconf 88' lang='lat' dir='ltr'>et</span> <span class='ocrx_word' id='word_1_278' title='bbox 970 3578 1186 3680; x_wconf 72' lang='lat' dir='ltr'>Pylades.</span> 
     </span>
    </p>
   </div>
   <div class='ocr_carea' id='block_1_7' title="bbox 99 3701 1282 4315">
    <p class='ocr_par' dir='ltr' id='par_1_13' title="bbox 226 3701 1282 3797">
     <span class='ocr_line' id='line_1_38' title="bbox 226 3701 1282 3797; baseline 0.01 -31"><span class='ocrx_word' id='word_1_279' title='bbox 226 3701 344 3767; x_wconf 89' lang='lat' dir='ltr'>Graeci</span> <span class='ocrx_word' id='word_1_280' title='bbox 375 3702 451 3770; x_wconf 91' lang='lat' dir='ltr'>dum</span> <span class='ocrx_word' id='word_1_281' title='bbox 478 3703 561 3770; x_wconf 88' lang='lat' dir='ltr'>irent</span> <span class='ocrx_word' id='word_1_282' title='bbox 584 3715 697 3773; x_wconf 90' lang='lat' dir='ltr'>contra</span> <span class='ocrx_word' id='word_1_283' title='bbox 717 3707 869 3797; x_wconf 74' lang='lat' dir='ltr'>Trojam,</span> <span class='ocrx_word' id='word_1_284' title='bbox 901 3718 935 3774; x_wconf 86' lang='lat' dir='ltr'>et</span> <span class='ocrx_word' id='word_1_285' title='bbox 955 3704 997 3772; x_wconf 88' lang='lat' dir='ltr'>ad</span> <span class='ocrx_word' id='word_1_286' title='bbox 1016 3705 1168 3788; x_wconf 88' lang='lat' dir='ltr'>insulam,</span> <span class='ocrx_word' id='word_1_287' title='bbox 1198 3731 1282 3797; x_wconf 85' lang='lat' dir='ltr'>qnae</span> 
     </span>
    </p>

    <p class='ocr_par' dir='ltr' id='par_1_14' title="bbox 99 3784 1281 4315">
     <span class='ocr_line' id='line_1_39' title="bbox 140 3784 1281 3872; baseline 0.013 -23"><span class='ocrx_word' id='word_1_288' title='bbox 140 3784 227 3852; x_wconf 88' lang='lat' dir='ltr'>Aulis</span> <span class='ocrx_word' id='word_1_289' title='bbox 253 3790 446 3871; x_wconf 87' lang='lat' dir='ltr'>vocabatur,</span> <span class='ocrx_word' id='word_1_290' title='bbox 482 3790 657 3872; x_wconf 84' lang='lat' dir='ltr'>venissent,</span> <span class='ocrx_word' id='word_1_291' title='bbox 688 3797 714 3859; x_wconf 91' lang='lat' dir='ltr'>A</span> <span class='ocrx_word' id='word_1_292' title='bbox 742 3815 909 3861; x_wconf 86' lang='lat' dir='ltr'>amemnon</span> <span class='ocrx_word' id='word_1_293' title='bbox 942 3814 1017 3871; x_wconf 87' lang='lat' dir='ltr'>rex,</span> <span class='ocrx_word' id='word_1_294' title='bbox 1038 3791 1144 3859; x_wconf 87' lang='lat' dir='ltr'>volens</span> <span class='ocrx_word' id='word_1_295' title='bbox 1168 3815 1205 3860; x_wconf 85' lang='lat' dir='ltr'>se</span> <span class='ocrx_word' id='word_1_296' title='bbox 1229 3819 1281 3863; x_wconf 87' lang='lat' dir='ltr'>sa-</span> 
     </span>
     <span class='ocr_line' id='line_1_40' title="bbox 140 3872 1280 3970; baseline 0.014 -35"><span class='ocrx_word' id='word_1_297' title='bbox 140 3872 229 3957; x_wconf 80' lang='lat' dir='ltr'>gittis</span> <span class='ocrx_word' id='word_1_298' title='bbox 261 3896 429 3955; x_wconf 84' lang='lat' dir='ltr'>exercere,</span> <span class='ocrx_word' id='word_1_299' title='bbox 459 3874 536 3943; x_wconf 92' lang='lat' dir='ltr'>vidit</span> <span class='ocrx_word' id='word_1_300' title='bbox 564 3889 692 3944; x_wconf 79' lang='lat' dir='ltr'>terram</span> <span class='ocrx_word' id='word_1_301' title='bbox 752 3881 861 3959; x_wconf 85' lang='lat' dir='ltr'>ionae,</span> <span class='ocrx_word' id='word_1_302' title='bbox 890 3900 1005 3967; x_wconf 84' lang='lat' dir='ltr'>quam,</span> <span class='ocrx_word' id='word_1_303' title='bbox 1037 3879 1105 3970; x_wconf 90' lang='lat' dir='ltr'>ejus</span> <span class='ocrx_word' id='word_1_304' title='bbox 1127 3879 1280 3967; x_wconf 83' lang='lat' dir='ltr'>ignorans</span> 
     </span>
     <span class='ocr_line' id='line_1_41' title="bbox 141 3960 1279 4047; baseline 0.011 -24"><span class='ocrx_word' id='word_1_305' title='bbox 141 3979 238 4037; x_wconf 87' lang='lat' dir='ltr'>esse,</span> <span class='ocrx_word' id='word_1_306' title='bbox 270 3960 440 4028; x_wconf 85' lang='lat' dir='ltr'>interfecit.</span> <span class='ocrx_word' id='word_1_307' title='bbox 481 3961 593 4030; x_wconf 87' lang='lat' dir='ltr'>Ventis</span> <span class='ocrx_word' id='word_1_308' title='bbox 617 3976 724 4032; x_wconf 83' lang='lat' dir='ltr'>autem</span> <span class='ocrx_word' id='word_1_309' title='bbox 745 3963 911 4037; x_wconf 85' lang='lat' dir='ltr'>contrariis</span> <span class='ocrx_word' id='word_1_310' title='bbox 930 3965 975 4030; x_wconf 90' lang='lat' dir='ltr'>ibi</span> <span class='ocrx_word' id='word_1_311' title='bbox 994 3961 1050 4029; x_wconf 93' lang='lat' dir='ltr'>diu</span> <span class='ocrx_word' id='word_1_312' title='bbox 1073 3964 1212 4047; x_wconf 87' lang='lat' dir='ltr'>detenti,</span> <span class='ocrx_word' id='word_1_313' title='bbox 1241 3990 1279 4035; x_wconf 78' lang='lat' dir='ltr'>er</span> 
     </span>
     <span class='ocr_line' id='line_1_42' title="bbox 99 4042 1278 4157; baseline 0.013 -51"><span class='ocrx_word' id='word_1_314' title='bbox 99 4042 272 4119; x_wconf 65' lang='lat' dir='ltr'>sooracnlo</span> <span class='ocrx_word' id='word_1_315' title='bbox 311 4047 458 4134; x_wconf 84' lang='lat' dir='ltr'>Apollinis</span> <span class='ocrx_word' id='word_1_316' title='bbox 499 4069 689 4137; x_wconf 83' lang='lat' dir='ltr'>responsum</span> <span class='ocrx_word' id='word_1_317' title='bbox 731 4062 797 4132; x_wconf 88' lang='lat' dir='ltr'>est,</span> <span class='ocrx_word' id='word_1_318' title='bbox 838 4052 1091 4139; x_wconf 85' lang='lat' dir='ltr'>Agamemnonio</span> <span class='ocrx_word' id='word_1_319' title='bbox 1122 4054 1278 4157; x_wconf 69' lang='lat' dir='ltr'>sanguine</span> 
     </span>
     <span class='ocr_line' id='line_1_43' title="bbox 141 4132 1277 4229; baseline 0.012 -35"><span class='ocrx_word' id='word_1_320' title='bbox 141 4143 250 4229; x_wconf 75' lang='lat' dir='ltr'>yeotos</span> <span class='ocrx_word' id='word_1_321' title='bbox 280 4155 352 4198; x_wconf 88' lang='lat' dir='ltr'>esse</span> <span class='ocrx_word' id='word_1_322' title='bbox 380 4132 566 4222; x_wconf 81' lang='lat' dir='ltr'>placandos.</span> <span class='ocrx_word' id='word_1_323' title='bbox 607 4136 705 4205; x_wconf 79' lang='lat' dir='ltr'>&#39;l&#39;nnc</span> <span class='ocrx_word' id='word_1_324' title='bbox 731 4137 861 4216; x_wconf 84' lang='lat' dir='ltr'>Ulixes,</span> <span class='ocrx_word' id='word_1_325' title='bbox 894 4149 932 4205; x_wconf 91' lang='lat' dir='ltr'>ut</span> <span class='ocrx_word' id='word_1_326' title='bbox 958 4149 1030 4205; x_wconf 90' lang='lat' dir='ltr'>erat</span> <span class='ocrx_word' id='word_1_327' title='bbox 1059 4139 1277 4222; x_wconf 75' lang='lat' dir='ltr'>astutissimus,</span> 
     </span>
     <span class='ocr_line' id='line_1_44' title="bbox 142 4217 1277 4315; baseline 0.015 -36"><span class='ocrx_word' id='word_1_328' title='bbox 142 4237 172 4279; x_wconf 90' lang='lat' dir='ltr'>m</span> <span class='ocrx_word' id='word_1_329' title='bbox 198 4217 331 4303; x_wconf 82' lang='lat' dir='ltr'>patriam</span> <span class='ocrx_word' id='word_1_330' title='bbox 356 4240 511 4303; x_wconf 85' lang='lat' dir='ltr'>reversus,</span> <span class='ocrx_word' id='word_1_331' title='bbox 533 4219 628 4291; x_wconf 87' lang='lat' dir='ltr'>tiliam</span> <span class='ocrx_word' id='word_1_332' title='bbox 644 4222 892 4311; x_wconf 79' lang='lat' dir='ltr'>Agamemnonis</span> <span class='ocrx_word' id='word_1_333' title='bbox 901 4223 1114 4315; x_wconf 85' lang='lat' dir='ltr'>Iphigeniam,</span> <span class='ocrx_word' id='word_1_334' title='bbox 1132 4225 1277 4296; x_wconf 81' lang='lat' dir='ltr'>simulans</span> 
     </span>
    </p>
   </div>
   <div class='ocr_carea' id='block_1_8' title="bbox 0 0 1351 4606">
    <p class='ocr_par' dir='ltr' id='par_1_15' title="bbox 0 0 1351 4606">
     <span class='ocr_line' id='line_1_45' title="bbox 0 0 1351 4606; baseline 0 0"><span class='ocrx_word' id='word_1_335' title='bbox 0 0 1351 4606; x_wconf 95' lang='lat' dir='ltr'> </span> 
     </span>
    </p>
   </div>
  </div>
 </body>
</html>
