2684 4606
355 168 666 303 autnon-111.)
699 180 752 317 ¹³„
791 192 931 287 1-5.
1141 177 1245 306 ms

75 382 113 448 In
135 383 263 471 magnis
285 404 385 472 ergo,
411 396 445 451 ut
467 366 513 452 ait
532 384 718 472 Remigius,
748 380 1005 473 dispositionibus
1027 382 1117 473 qnasi
1137 406 1221 451 mas-

76 469 181 535 culino
205 471 339 536 effertur
358 492 500 556 genere;
512 471 552 536 ‘in
569 472 743 538 minoribus
765 494 842 537 vero
864 469 1048 537 femininum
1065 469 1221 558 quodam-

76 555 174 621 modo
200 562 315 623 nomen
345 558 471 644 accipit.
515 557 591 623 Sive
614 559 655 624 ab
676 557 814 643 agendo
836 553 930 646 juxta
952 556 1115 632 Serrium,
1143 556 1221 622 Sto-

74 641 200 707 icorum
221 640 343 728 dogma
362 642 560 722 tradentem,
593 666 662 711 mas
684 643 817 723 dicitur;
851 641 969 708 femina
997 665 1089 721 vero,
1120 663 1219 729 quum

72 726 239 813 potiendi
260 733 377 815 poetae
398 728 427 794 ei
449 728 527 796 dant
546 728 701 798 naturam.
752 727 850 795 Unde
877 738 942 795 est:
981 727 1149 817 Coujugis
1178 729 1243 790 ina

71 811 251 898 gremium
273 813 389 877 laetae
409 809 600 881 descendit.
648 817 697 883 Ab
721 812 858 879 actibus
888 825 997 880 autem
1020 812 1112 901 juxta
1140 834 1220 879 eun·
1307 863 1309 872 .

74 896 150 962 dem
181 909 332 976 vocatur,
370 909 407 966 ut
426 899 574 1002 Juppiter
596 900 733 990 juvans
760 909 884 986 pater3
915 899 1113 979 Mercurius,
1144 898 1219 986 quia
1286 962 1294 977 ,

74 980 248 1047 mercibus
268 995 413 1071 praeest3
442 985 585 1052 Inbera
611 983 776 1060 libertate
804 982 890 1052 data.
932 978 978 1052 Et
998 986 1104 1051 Varro
1131 983 1220 1063 dicit,

75 1067 150 1154 quia
171 1090 270 1155 quum
290 1091 372 1136 unus
392 1070 542 1160 idemque
563 1072 603 1141 sit
625 1070 738 1150 horno,
771 1091 791 1135 a
818 1092 956 1159 corpore
983 1069 1218 1155 tamenhomo,
1277 1068 1281 1076 ’

77 1155 119 1216 ab
149 1154 253 1220 anima
284 1157 410 1244 sapiens
450 1156 586 1241 dicitur3
626 1157 672 1225 ita
700 1177 782 1243 ergo
812 1167 846 1225 et
874 1157 972 1236 deus,
1005 1158 1106 1245 quum
1134 1168 1261 1222 unuslo

76 1237 228 1326 idemque
243 1240 306 1328 sit,
337 1242 443 1310 multis
462 1255 568 1311 tamen
589 1265 648 1334 pro
671 1242 915 1333 dispensationis
935 1266 1014 1311 suae
1036 1243 1219 1330 diversitate
1335 1248 1338 1253 ’

76 1335 228 1391 censetur
250 1328 420 1395 vocubulis.
547 1350 550 1355 ’

160 1437 259 1504 Nunc
285 1452 392 1510 autem
413 1439 564 1531 deinceps
592 1440 790 1531 inexplicitos
812 1440 931 1528 aliquot
952 1440 1145 1529 antiquitatis
1166 1463 1218 1507 re-

75 1521 237 1593 volvamus
260 1547 402 1606 errores,
438 1528 541 1616 iisque
568 1527 595 1593 si
610 1550 687 1619 ,non
708 1527 813 1594 lucem
842 1524 1011 1592 infundere
1037 1550 1217 1615 possumus,
1267 1602 1270 1609 ¹
1311 1584 1315 1589 .

74 1609 196 1697 aliquas
226 1620 334 1679 tamen
362 1614 564 1701 ignorantiae
592 1613 722 1681 nebulas
749 1611 906 1703 majorum
925 1610 1056 1703 flagello
1076 1614 1259 1683 auctori-15

74 1706 177 1765 tatum
199 1696 395 1786 aliquatenus
416 1699 642 1775 dimoveamus
854 1736 871 1771 a
960 1702 963 1707 ’

476 1915 512 1992 1.
567 1892 815 2007 Saturnus.

163 2044 194 2109 1.
238 2044 380 2111 Primrnn
401 2045 536 2113 deorum
558 2024 733 2115 Satuinum
755 2054 887 2135 ponunt.
930 2044 1030 2113 Hunc
1049 2056 1216 2124 maestum,

76 2150 205 2208 senem,
239 2154 371 2212 canum,
407 2145 504 2220 caput
531 2133 649 2221 glauco
680 2133 798 2201 amictu
826 2142 1015 2219 coopertum
1036 2132 1218 2211 habentem,

76 2213 213 2283 tiliorum
244 2239 375 2284 suorum
401 2231 597 2300 voratorem,
636 2217 814 2307 falcemque
838 2218 1009 2297 ferentem,
1043 2216 1261 2284 draconemao

75 2300 172 2366 etiam
204 2302 469 2383 flammivomum,
502 2304 556 2393 qui
585 2303 710 2372 caudae
733 2327 824 2379 <suae
854 2302 963 2370 ultima
993 2302 1145 2383 devorat,
1185 2305 1218 2370 in
1292 2368 1300 2385 x

76 2383 190 2453 dextra
213 2399 390 2470 tenentem,
417 2388 582 2457 inducunt.
623 2391 678 2460 De
703 2389 752 2458 his
780 2388 897 2457 diversi
918 2389 1066 2457 nonnulla
1093 2389 1218 2472 eadem,
1330 2392 1334 2402 '

76 2471 183 2561 aliqua
207 2486 315 2541 tamen
337 2474 461 2544 diversa
482 2477 630 2545 sentiunt

161 2587 193 2652 2.
239 2587 382 2676 Historia
403 2589 532 2677 quidem
552 2589 666 2671 babet,
700 2589 874 2655 Saturnum
904 2596 1027 2675 patrem
1048 2594 1082 2652 et
1102 2583 1217 2652 Jorem

76 2670 175 2738 filium
200 2694 303 2759 regna
321 2675 353 2741 in
370 2675 469 2743 Creta
489 2677 672 2743 obtinuisse.
711 2675 800 2742 Inter
819 2696 900 2762 quos
917 2672 997 2737 bello
1015 2684 1097 2751 orto,
1119 2690 1280 2758 quum25‘

77 2757 306 2843 praevaluisset
324 2761 489 2849 luppiter,
517 2763 648 2851 fugatus
664 2762 821 2828 Saturnus
838 2758 960 2827 Italiam
983 2758 1087 2844 petiit,
1108 2758 1217 2845 ibique
1284 2789 1292 2800 =

78 2865 99 2907 a
116 2843 219 2926 Jano,
249 2846 304 2932 qui
330 2857 410 2913 tuuc
431 2850 606 2935 regnabat,
633 2860 800 2935 receptus,
839 2867 936 2933 quum
964 2867 1037 2909 oum
1060 2867 1152 2910 usum
1173 2847 1219 2909 ri-

78 2949 211 2996 nearum
232 2943 265 2997 et
288 2930 376 2999 falcis
398 2932 578 3015 docuisset,
608 2935 641 3000 in
672 2946 795 3021 partem
822 2945 871 2999 est
898 2929 1055 2996 admissus
1083 2930 1218 3017 imperii,
1305 2997 1329 3012 ¹,

77 3014 201 3103 sibique
221 3015 378 3104 oppidum
398 3020 485 3088 fecit.
527 3022 593 3088 Hic
619 3023 728 3106 itaque
772 3020 805 3084 in
833 3015 1027 3103 agricultura
1063 3037 1217 3102 maguum

77 3098 267 3188 impendens
286 3105 493 3189 exercitium,
515 3119 549 3174 et
567 3129 626 3194 per
646 3126 792 3173 annonae
814 3103 1094 3192 praerogationem
1115 3101 1157 3167 ad
1180 3127 1259 3177 seso

77 3187 213 3275 populos
234 3190 417 3273 attrahens,
446 3215 467 3258 a
487 3192 681 3258 saturando
706 3189 1000 3259 Saturnussmeruit
1022 3186 1183 3276 appellari.
1292 3194 1294 3199 ⁴

160 3300 197 3377 3.,
227 3302 336 3369 ''Huno
358 3310 440 3394 er'go
460 3296 632 3371 moestum
650 3305 773 3392 ,ubique
796 3298 981 3384 describunt
1001 3308 1136 3393 poetae,
1167 3312 1218 3368 ut-

78 3396 155 3472 pote
178 3385 262 3454 bello
283 3390 418 3472 rictum,
451 3400 527 3457 eta
555 3412 660 3478 regno
685 3391 838 3457 violenter
868 3386 1041 3456 extrusum.
1089 3384 1218 3453 Mathe-

78 3472 185 3541 matici
205 3484 313 3541 tamen
334 3497 404 3541 rem
425 3477 567 3549 subtilius
590 3477 848 3565 contemplantes,
870 3475 945 3541 ideo
965 3497 1040 3538 eum
1061 3488 1216 3540 maestum
1269 3540 1280 3568 ·

80 3556 209 3638 dicunt,
226 3561 307 3648 quia
327 3561 417 3629 stella
440 3563 580 3640 Saturno
605 3563 757 3653 deputata
779 3574 852 3629 ortu
873 3584 932 3628 suo
954 3560 1111 3627 tristitiam
1132 3578 1258 3628 sem-35

79 3666 137 3732 per
157 3644 333 3714 denuntiat.
384 3647 441 3715 llla
466 3649 549 3715 enim
569 3649 601 3715 in
624 3651 812 3739 capricorno
835 3650 957 3737 posita,
998 3645 1117 3734 pluvias
1140 3667 1216 3732 gra·
1254 3720 1259 3727 .
1292 3702 1294 3709 .

80 3730 241 3813 vissimas,
275 3732 335 3800 sed
365 3733 539 3823 praecipue
570 3736 603 3802 in
634 3737 743 3816 Italia,
775 3744 962 3801 commovet
1021 3730 1116 3795 Unde
1150 3742 1216 3798 est:

81 3817 149 3881 Seu
171 3828 348 3907 tyrannus
374 3820 568 3908 Hesperiae
598 3822 824 3911 capricornus
854 3818 980 3883 undae.
1022 3816 1061 3881 ln
1090 3817 1216 3904 scorpio

79 3924 155 3979 vero
179 3902 373 3991 graudlues,
408 3903 484 3972 item
504 3906 536 3970 in
559 3905 619 3974 alio
647 3908 740 3995 signo
763 3905 908 3984 fulmina,
942 3903 973 3967 in
1003 3901 1063 3966 alio
1093 3914 1215 3981 ventos,

79 3987 110 4053 in
132 3988 201 4056 aliis
231 3990 292 4056 alia
321 4012 426 4057 nocua
455 4004 614 4081 apportat
669 3993 799 4068 Addunt
818 3992 932 4066 etiam,
962 3983 1037 4052 ideo
1059 4001 1260 4066 maestum40

78 4096 168 4156 esse,
197 4076 273 4165 quia
300 4076 480 4179 sidus-ejus
500 4079 714 4146 tardissimum
741 4078 790 4147 sit
842 4076 950 4150 Quum
978 4074 1061 4138 enim
1091 4088 1216 4140 cetero-

79 4180 148 4227 rum
170 4161 338 4249 planetaru
393 4162 471 4229 altus
493 4186 551 4252 per
572 4189 729 4247 mensem,
757 4175 795 4232 ut
816 4162 908 4240 luna,
938 4156 987 4224 alii
1008 4181 1215 4247 perannum,

78 4257 112 4314 ut
132 4247 336 4330 Mercurius,
367 4249 493 4331 Venus,
511 4251 596 4334 ‘Sol3
634 4251 713 4320 alius
741 4273 800 4341 per
837 4247 1014 4319 biennium,
1052 4253 1087 4310 ut
1110 4245 1221 4319 Mars,

334 4379 344 4393 0
