2684 4606
26 140 29 145 ’
140 174 220 266 lac
418 188 600 293 mpnogr.
630 191 682 263 11.
738 188 818 264 roa
837 188 999 267 ..aaa
1106 134 1152 275 J

239 341 242 345 Δ
366 369 459 483 192.
491 374 732 475 ,ιΙιιρρίῒοῑ
769 387 814 450 et
851 375 1053 451 Electra.

183 524 186 529 ·
222 486 371 592 luppiter
391 506 465 567 cuin
484 501 634 584 Electra,
656 501 786 571 Atlantis
805 504 877 583 lilia,
900 503 1046 572 Corinthi
1066 523 1103 568 re
1128 502 1155 569 's
1177 502 1285 570 Italiae

139 609 252 669 uxore,
275 588 457 655 concubuit·
500 588 569 655 Sed
592 613 632 654 ex
653 589 741 656 Jovis
762 591 881 657 semine
903 602 995 659 natus
1023 599 1073 657 est
1136 589 1284 671 ardanus,

142 698 181 742 ex
206 674 351 742 Corinthi
372 673 494 754 Iasius,
523 674 580 762 qui
607 674 800 755 Thraciam,
838 676 893 742 uhi
918 689 967 744 est
997 676 1132 755 Samos,
1170 676 1311 757 tenuit,-

117 775 236 849 squam
258 759 512 827 Samothraciam
533 758 713 828 nominavit.
755 759 926 829 Dardanus
949 783 1042 841 vero,
1065 783 1105 827 ex
1127 762 1282 850 responso

139 847 244 912 locum
267 858 409 923 mutans,
443 839 621 935 Phry'giam
657 846 759 925 venit,
795 847 946 937 Trojam,
982 868 1078 936 parva
1100 846 1133 911 in
1154 846 1282 913 vallibus

140 931 298 999 collocans
319 930 483 1008 aedificia,
512 930 671 1014 condidit,
699 954 834 1019 eamque
867 956 906 998 ex
928 956 988 1001 suo
1009 933 1136 999 nomine
1154 931 1281 999 Darda·

139 1018 223 1083 niem
244 1017 422 1083 nominavit.
465 1017 547 1086 Post
568 1017 658 1106 cujus
684 1019 803 1085 obitum
823 1019 954 1085 'l'eucer
970 1019 1013 1083 de
1029 1020 1128 1084 Creta
1142 1018 1280 1099 veniens,

136 1104 254 1192 junctis
275 1103 334 1168 sibi
356 1100 501 1169 Dardani
517 1104 631 1184 sociis,
662 1125 754 1169 arces
782 1115 815 1170 et
833 1106 958 1171 moenia
988 1104 1157 1171 constituit
1201 1106 1280 1172 Post

98 1207 236 1276 laquem
273 1188 517 1269 Erichthonius,
565 1186 708 1255 Dardani
740 1187 838 1269 filius,
877 1191 1031 1276 regnavit.
1090 1190 1153 1255 Cui
1196 1191 1279 1256 'lhos

80 1290 82 1295 '
139 1276 219 1340 lilius
240 1296 334 1353 suus,
355 1273 545 1342 'l'ro'amex
565 1297 602 1340 se
624 1297 758 1356 vocaus,
784 1277 949 1344 successit
991 1276 1054 1351 Qui
1076 1296 1175 1361 quum
1202 1275 1280 1342 duos
1316 1316 1320 1323 ·

141 1360 244 1461 lilios,
265 1359 345 1424 llum
358 1371 392 1426 et
412 1299 620 1440 Assaracum,
647 1361 834 1447 genuisset,
862 1360 926 1427 llus
947 1361 1048 1449 maior
1068 1372 1164 1439 natu,
1198 1363 1280 1428 Tro·

137 1469 207 1599 ppm
239 1468 278 1510 ex
310 1466 369 1510 suo
396 1446 523 1511 nomine
551 1445 676 1514 llium
705 1468 839 1525 vocans,
881 1468 1017 1535 reguum
1039 1447 1192 1530 obtinuit,
1229 1448 1281 1537 qui

26 1528 35 1547 ‘
171 1528 410 1613 aomedontem,
444 1530 565 1600 Priami
585 1541 728 1620 patrem,
761 1529 882 1619 genuit.

97 1762 132 1814 rs
419 1814 423 1825 ,
499 1733 593 1813 195.
647 1734 915 1811 Laomedon.

221 1860 430 1943 Laomedon,
477 1885 535 1931 rex
573 1864 754 1954 Trojauus,
783 1886 881 1951 quum
902 1862 1035 1952 'l’rojam
1058 1861 1282 1933 aedificaturus
1309 1852 1315 1871 ¹

139 1962 241 2029 esset,
261 1950 413 2037 Neptuno
435 1959 469 2015 et
490 1946 642 2038 Apollini,
677 1949 720 2015 ad
741 1949 872 2017 civitatis
904 1949 1175 2018 constructionem
1205 1974 1282 2017 con·

139 2034 262 2114 ductis,
293 2046 414 2100 certam
436 2033 479 2100 ad
499 2056 593 2101 sacra
622 2033 769 2102 facienda
796 2035 975 2122 pecuniam,
991 2034 1134 2116 devovit;
1176 2059 1282 2124 quam,

24 2179 25 2183 ,
138 2121 373 2187 imminentibus
411 2119 592 2208 promissis„
639 2121 682 2188 ad
718 2143 881 2187 murorum
926 2121 1079 2187 fabricam
1115 2121 1282 2190 transtulit.

96 2207 511 2293 aoQuumquepromissam
530 2206 713 2275 mercedem
734 2228 896 2273 murorum
921 2208 1074 2294 Neptuno
1095 2219 1129 2275 et
1150 2212 1175 2275 A
1199 2207 1283 2275 ollini

139 2292 202 2358 den
248 2303 361 2371 asset„
385 2290 556 2381 Neptunus
586 2293 686 2361 iratus
721 2293 841 2383 'l'rojae
880 2293 1008 2359 immisit
1039 2304 1137 2360 cetos.
1221 2291 1284 2361 ude

137 2313 248 2465 ApolN
271 2374 450 2457 consultus,
471 2400 568 2478 quum
591 2389 624 2446 et
643 2380 713 2468 ipse
731 2380 939 2455 irasceretur,
970 2379 1129 2444 contraria
1150 2399 1284 2468 respon-

138 2463 202 2544 dit,
223 2461 349 2543 dicens,
380 2461 593 2528 oh'iesendas
612 2463 749 2552 puellos
772 2462 902 2535 nobiles
923 2462 1045 2528 deluis.
1088 2464 1196 2537 Quum
1229 2486 1284 2532 au·

141 2562 207 2618 tem
227 2549 384 2636 principes
447 2548 639 2639 rojanorum
654 2547 889 2636 expostularent
915 2573 936 2614 a
967 2547 1211 2631 Laomedonte,
1250 2560 1287 2617 ut

95 2635 348 2787 aapeptilentiam
370 2633 484 2701 beluae
504 2634 600 2785 filianp
618 2632 776 2787 ttradendo
788 2633 1110 2785 {fdaretiflnnlbls
1132 2633 1286 2789 audapipp
1299 2682 1315 2713 ,.

195 2744 288 2788 eseus
319 2743 355 2787 re
382 2743 432 2785 em
460 2742 620 2787 accusas
706 2742 758 2786 ura
822 2742 883 2785 ram
913 2744 932 2785 o
965 2743 1005 2785 rm
1056 2743 1148 2787 euae
1176 2742 1263 2788 nour

137 2806 210 2872 Rex
239 2807 338 2873 iratus
357 2743 444 2872 geum
471 2805 607 2871 interfici
634 2743 752 2896 ἷιιεὲἱῑἰ
786 2745 963 2895 posteaqud
994 2804 1087 2886 dixit,
1127 2807 1286 2873 omnium

125 2890 234 2976 filias
271 2891 391 2956 beluae
425 2889 627 2954 tradendas.
680 2890 794 2979 ltaque
825 2890 912 2958 multi
946 2890 1024 2956 filias
1054 2912 1149 2970 suas,
1192 2892 1286 2959 minis

46 3054 51 3060 ⁶
138 2978 224 3062 regis
253 2976 375 3056 territi,
414 2975 644 3042 mercatoribus
676 2975 736 3041 alio
772 2977 1035 3064 transportandas
1065 2974 1286 3057 tradiderunt,

95 3085 248 3135 noearum
286 3061 460 3128 absentiam
496 3059 633 3140 facilius,
665 3083 760 3150 quam
793 3077 926 3129 mortem
955 3060 1135 3129 tolerantes.
1187 3060 1287 3139 Quod

136 3171 234 3236 quum
255 3148 366 3227 fieret,
403 3146 562 3248 Hippotes
583 3146 711 3237 quidam
732 3147 845 3215 nobilis
867 3149 980 3237 timeus
1007 3148 1091 3214 filiae
1113 3148 1287 3236 Segestae,

136 3258 178 3301 ne
214 3231 256 3301 ad
287 3242 376 3299 cetos
404 3232 459 3297 reh
487 3243 612 3312 aretur,
656 3232 835 3321 impositam
865 3256 936 3299 eam
966 3233 1036 3298 navi
1069 3233 1173 3315 misit,
1201 3248 1308 3323 ouo·

129 3320 204 3386 dors
234 3318 408 3386 obtulisset.
499 3340 558 3384 aee
588 3317 631 3385 ad
660 3318 800 3387 Siciliam
822 3317 944 3400 delata,
975 3318 1154 3384 aCrirniso
1176 3321 1286 3397 fluvio,

135 3406 168 3471 in
191 3428 300 3472 ursum
324 3404 373 3472 vel
394 3426 507 3471 canem
528 3426 699 3487 converso,
728 3426 900 3494 oppressa,
927 3408 1064 3471 Acesten
1085 3402 1202 3485 edidit,
1232 3405 1288 3494 qui
1316 3404 1321 3481 l

95 3510 177 3560 soen
200 3494 309 3646 pppltris
339 3491 465 3560 nomine
494 3489 668 3573 civitatem,
681 3556 684 3563 ,
697 3514 780 3580 quae
803 3489 900 3558 hodie
928 3490 1068 3577 Segesta
1094 3492 1310 3574 nominator,

138 3598 199 3645 eon
223 3579 233 3645 i
256 3579 289 3647 it.
722 3584 725 3589 ’
1316 3608 1320 3615 ·

287 3744 291 3753 ’
375 3719 470 3826 tud.
524 3750 753 3826 Tithonus
781 3765 823 3827 et
851 3694 1045 3826 Abeona.
1300 3794 1316 3871 -Ι

223 3877 383 3946 'l'ithonus
406 3880 505 3947 irater
518 3878 747 3947 Laomedontis
770 3878 837 3945 suit
881 3880 980 3944 liutto
1002 3880 1127 3945 Aurora
1145 3889 1285 3946 amatum
1315 3900 1321 3933 ¹

140 3969 173 4032 in
203 3964 324 4031 caelum
358 3966 477 4033 levavit.
531 3967 594 4042 Qui
622 3988 718 4054 quum
761 3977 872 4052 postea
906 3964 1170 4051 longinquitatem
1187 3982 1189 3986 ’
1205 3966 1285 4031 vitae
1316 4002 1321 4009 ·

101 4052 293 4127 todelleret,
325 4049 357 4115 in
379 4050 523 4117 cicadam
545 4073 716 4118 conversus
738 4063 798 4117 est.
843 4050 920 4117 Hic·
938 4050 1033 4115 etiam
1062 4051 1158 4116 lilium
1181 4073 1284 4129 suum,

141 4138 345 4288 Memnopppr
369 4136 575 4226 Aethiopem,
606 4159 648 4204 ex
675 4132 798 4206 Aurora
828 4136 1048 4226 progenitum,
1088 4136 1130 4203 ad
1164 4136 1285 4226 'thejae
1319 4172 1321 4179 ·

142 4222 265 4289 rossita
299 4221 369 4292 '⁸‘a.
1319 4240 1321 4275 1
