2684 4606
218 86 221 93 ¹
318 149 515 254 nymgr.
541 148 594 224 11.
649 113 744 225 isa.
769 93 862 225 rsa.
933 204 937 210 .
1051 140 1175 245 ‚aar
1285 136 1288 141 ’

28 336 112 405 lilios
141 359 219 403 suos
249 336 418 402 novercae.
434 336 596 407 commisit
619 334 760 404 arbitrio.
803 336 894 411 Quos
916 355 1013 425 quum
1034 357 1175 407 norema

30 433 284 511 persequeretur
313 422 448 504 infesta,
478 421 536 489 illis
564 422 596 489 in
622 422 698 489 silva
720 421 915 500 errantibus,
939 432 1043 489 mater
1061 447 1180 495 eorum-
1233 442 1237 448 ‘

31 509 151 576 dicitur
181 510 321 589 venisse,
352 520 385 576 et
413 508 562 583 arietem,
589 508 704 575 veller'e
731 529 830 574 aureo
850 507 1053 594 insignitum,
1085 511 1175 578 exhi-
1213 514 1218 522 '

31 596 160 679 buisse;
181 618 283 684 quem.
298 592 481 683 praedictos
503 594 604 674 lilios,
623 594 756 661 lunonis
777 592 942 675 instinctu,
962 595 1176 664 'ussitasoen-

31 680 131 763 dere,
159 679 193 751 e't
214 681 246 747 in
268 681 408 748 Colchos
429 679 561 766 insulam
583 679 626 746 ad
647 702 758 768 regem
780 688 929 759 Aeetam,
952 619 1037 769 dolis
1060 682 1212 764 filium,s·
1281 742 1289 755 .

31 768 188 848 transire,
207 768 317 854 ibique
338 766 469 835 arietem
491 763 688 855 praedictum
711 764 883 832 immolare.
927 767 1037 848 Quos,
1065 767 1175 837 matris

34 867 213 943 praecepto
252 854 529 940 obtemperantes,
561 853 643 920 aries
670 853 701 918 in
732 851 866 940 pelagus
899 848 1020 921 detulit
1071 854 1177 932 Helle,

33 951 152 1091 liptpoto
180 938 284 1028 puella
313 961 392 1005 sexu
410 939 580 1016 infirmior,
603 939 693 1042 lapsa
714 959 830 1005 nomen
851 936 1058 1027 Hellesponto
1078 939 1177 1009 dedit.

90 1046 176 1091 nnus

35 1111 168 1178 arietem
201 1110 390 1189 immolavit,
405 1156 408 1163 -
424 1111 601 1199 pellemque
624 1132 754 1176 auream
774 1108 888 1176 Martis
908 1110 1175 1199 temploidicarit,
1184 1130 1220 1180 10

35 1198 90 1265 cui
112 1195 345 1265 custodiendae
366 1194 465 1262 draco
487 1194 620 1289 pervigil
645 1195 762 1263 dieitur
783 1194 945 1284 appositus
967 1219 1049 1265 esse.

364 1373 369 1389 ²
426 1379 519 1454 155.
587 1382 781 1465 Pelias.

10 1592 12 1599 Ι
123 1506 256 1588 Peliae,
284 1507 426 1599 Neptuni
457 1509 540 1591 filio,
573 1510 627 1598 qui
654 1509 732 1576 Iolci
766 1531 921 1577 summam
946 1508 1128 1591 obtinebat,
1156 1531 1178 1575 a

35 1590 176 1661 sortibus
201 1615 251 1659 res
275 1617 388 1663 onsum
411 1608 496 1676 erat,
531 1618 566 1660 se
587 1617 667 1659 aree
688 1595 731 1659 ab
752 1618 789 1669 eo
809 1595 990 1683 privatum
1022 1595 1088 1672 iri,
1115 1595 1179 1683 qui
1266 1652 1269 1658 .

34 1679 200 1752 interim,
258 1703 317 1744 um
350 1679 517 1768 Neptuno
547 1676 786 1766 sacrificaret,
824 1678 937 1743 altero
970 1680 1063 1743 nudo
1093 1679 1221 1766 pedelb

37 1764 293 1837 intervenisset.
336 1766 443 1842 Quum
466 1785 547 1852 ergo
570 1788 676 1832 annua
696 1766 893 1832 sacrificaret
913 1765 996 1853 patri
1014 1764 1178 1854 Neptuno,

37 1848 153 1928 lason,
189 1851 320 1916 Aesonis
354 1852 458 1931 filius,
492 1847 614 1940 perdito
635 1852 668 1916 in
688 1850 762 1917 limo
782 1849 901 1917 Anauri
929 1849 1066 1916 fluminis
1087 1850 1179 1917 unius

37 1931 130 2023 pedis
152 1933 378 2021 calciamento,
403 1938 430 2002 ei
453 1939 655 2026 supervenit,
680 1935 765 2026 pedo
784 1945 906 2005 tantum
929 1959 992 2003 uno
1016 1936 1178 2004 calciatus.

38 2019 145 2093 Quem
169 2033 204 2086 ut
224 2021 330 2091 Pelias
359 2025 545 2112 conspexit,
578 2046 701 2091 memor
723 2024 874 2111 sortium,
903 2023 986 2092 misit
1014 2045 1089 2090 cum
1119 2023 1181 2090 suh

37 2106 148 2191 specie
169 2105 308 2193 gloriae,
330 2132 369 2176 ea
391 2121 498 2178 tamen
519 2109 702 2190 intentione,
723 2120 760 2177 ut
781 2132 801 2176 a
822 2107 964 2176 dracone
983 2107 1224 2178 interficere-aa

37 2201 110 2272 tur,
133 2203 268 2282 propter
288 2194 402 2283 pellem
423 2196 616 2274 inauratam,
652 2194 782 2263 Colchis
807 2218 827 2262 a
845 2216 929 2282 rege
948 2195 1047 2262 Aeeta
1092 2206 1180 2264 sten-

41 2274 127 2343 dam.
161 2283 303 2346 Aeetae
331 2294 439 2349 autem
470 2302 659 2369 responsum
694 2281 816 2358 luerat,
849 2279 941 2368 quod
972 2291 1011 2345 to
1072 2281 1111 2346 iu
1142 2281 1182 2344 in

20 2384 149 2511 ‚reptio
167 2387 312 2430 munere
333 2377 470 2455 posset,
507 2366 676 2455 quamdiu
709 2367 749 2431 in
773 2364 908 2431 Martis
934 2366 1061 2453 templo
1089 2363 1186 2431 illud

38 2470 79 2513 ve
93 2447 151 2512 lus
184 2472 333 2516 aureum
368 2452 527 2516 duraret.
577 2450 694 2531 lason,
728 2447 912 2538 acquirendi
943 2450 1032 2516 aurei
1061 2448 1182 2517 velleris

39 2532 196 2621 cupidus,
227 2534 376 2603 fortiores
401 2559 546 2625 quosque
566 2536 726 2603 Graeciae
755 2537 985 2622 congregavit,
1006 2535 1225 2603 Herculemas

40 2630 75 2686 et
94 2620 266 2688 Castorem
287 2644 361 2690 cum
383 2621 481 2690 fratre
503 2624 562 2690 sibi
584 2623 711 2703 aseivit,
732 2633 766 2689 et
787 2620 954 2690 aedificata
976 2643 1073 2701 nare,
1093 2626 1182 2707 Argo

39 2718 156 2773 vocata
176 2705 278 2790 (uude
299 2719 333 2775 et
352 2712 559 2798 Argonautae
576 2708 653 2776 dicti
673 2717 780 2791 sunt),
806 2706 915 2796 Tiphy
947 2705 1075 2796 quidem
1097 2706 1183 2774 naris

42 2794 264 2882 gubernatore
290 2793 394 2876 lacto,
429 2817 519 2864 mare
549 2797 638 2888 prius
668 2795 823 2863 intactum
843 2794 964 2860 intrare
982 2792 1184 2883 praesumsit

444 2912 553 3039 Ι156.
607 2950 785 3039 lason,

128 3090 238 3165 Quum
273 3101 380 3159 autem
415 3092 447 3159 in
484 3091 593 3174 Pelio,
624 3104 733 3160 monte
760 3090 964 3171 Thessaliae,
983 3091 1073 3178 Argo
1094 3086 1227 3155 norisoo

45 3174 278 3258 fabricaretur,
318 3175 430 3244 dolens
461 3176 587 3260 Tellus,
632 3201 721 3261 mare
756 3187 829 3247 ante
857 3177 1010 3244 intactum
1044 3174 1185 3264 pervium
1241 3182 1244 3189 “

44 3262 136 3340 fieri,
170 3262 275 3330 emisit
304 3287 382 3330 saxa
411 3266 444 3329 in
467 3286 565 3334 mare.
615 3262 713 3340 Quod
735 3266 901 3330 cernentes
922 3262 977 3365 qui
1004 3282 1116 3327 narem
1139 3258 1186 3324 la·

44 3349 263 3427 hriearerant,
307 3349 529 3437 imperfectam
554 3350 632 3416 mari
653 3349 858 3425 immiserunt.
901 3348 988 3414 Hunc
1011 3346 1186 3413 Lucanus:

44 3432 173 3520 Rupta
192 3455 309 3584 puppe
329 3436 443 3498 minor
463 3434 634 3500 subducta
655 3446 706 3501 est
727 3431 902 3500 montibus
929 3433 1054 3520 Argo3
1082 3451 1187 3520 neque

45 3518 182 3585 enimin
203 3540 293 3586 caeo
315 3531 383 3589 tou
405 3521 579 3606 figuratur,
617 3520 675 3586 sed
707 3543 726 3585 a
757 3518 978 3607 gubernaculo
1010 3539 1113 3608 usque
1142 3514 1228 3582 adas

46 3602 177 3671 malum.
227 3605 336 3679 Quum
359 3619 466 3671 autem
496 3606 637 3674 Colchos
666 3605 840 3681 venissent,
874 3604 988 3686 lason,
1022 3604 1062 3669 ab
1087 3608 1187 3669 Aeeta
1250 3615 1256 3623 '

45 3712 127 3776 rege
157 3704 347 3779 susceptus,
386 3691 480 3759 filiam
511 3693 578 3782 ejus
602 3692 753 3758 Medeam
782 3691 956 3769 adamavit,
991 3700 1024 3756 et
1045 3687 1126 3754 filios
1147 3710 1187 3753 ex

30 3798 87 3842 ea
115 3779 269 3865 suscepit.
322 3780 421 3844 Aeeta
451 3790 574 3857 autem,
604 3790 738 3866 accepto
768 3801 807 3843 ex
826 3774 1009 3865 'prodigus
1023 3796 1187 3865 responso,

46 3873 194 3929 mortem
225 3861 294 3928 sibi
334 3861 378 3925 nh
415 3863 570 3943 adversa,
614 3863 718 3931 Aeoli
754 3854 943 3951 pddgrenie,
988 3860 1187 3937 cedendam,

48 3945 206 4014 Phrixum
235 3947 536 4101 interfecitffiujus
565 3947 635 4028 filii,
667 3959 735 4015 rate
765 3967 917 4029 ascensa,
952 3957 988 4013 ut
1018 3943 1061 4010 ad
1092 3964 1229 4012 arumso
1287 3996 1290 4006 ,

49 4033 276 4101 Athamantem
306 4047 402 4102 nansi
482 4083 492 4112 ,
541 4034 688 4138 naufragi
727 4034 768 4100 ab
798 4037 924 4100 Aesone
956 4029 1081 4118 excepti
1105 4040 1188 4097 sunt

50 4117 147 4185 lason
168 4131 296 4198 autem,
327 4119 467 4206 quamvis
487 4119 664 4209 accipiendi
679 4119 773 4185 'aurei
795 4116 915 4184 velleris
937 4115 1091 4207 cupidus,
1121 4115 1190 4197 uiso

50 4205 195 4295 pervigili
216 4204 375 4285 dracone,
396 4206 513 4275 veritus
534 4219 592 4276 est
646 4215 748 4277 Aeeta
778 4216 891 4274 autem
919 4224 985 4272 rex
1008 4202 1231 4294 potestatem'

212 1024 338 1092 devenit
370 1025 412 1090 ad
443 1023 602 1103 Colchos,
641 1025 748 1112 ibique
780 1023 889 1089 matris
916 1023 1021 1113 jussui
1048 1047 1177 1115 parens,
1258 1055 1260 1060 ·
1313 1056 1319 1061 ·
