2684 4606
378 172 563 274 npnogr.
590 173 621 245 1.
678 166 883 244 armas.
1040 122 1044 145 '
1158 164 1209 240 us

60 361 288 429 absconditum
332 359 432 427 fnisse
475 359 559 425 intra
605 367 786 424 extructum
825 355 999 445 parietem,
1039 365 1209 443 postquam
1331 376 1335 385 ’

61 475 79 514 a
106 459 279 526 noverant,
315 445 448 534 'l'rojam
487 467 559 510 esse
596 443 780 531 perituram.
836 441 947 516 Quod·
972 455 1086 528 postea
1128 441 1210 507 bello

60 473 280 602 Mithridatico
303 530 421 598 dicitnr
440 529 584 597 Fimbria
606 530 735 616 quidam
756 529 924 594 Romanus
956 527 1118 594 inventum
1143 528 1209 593 vin-

61 621 206 698 dicasse,
241 616 331 707 qnod
350 617 489 682 Romam
512 626 638 682 constat
658 613 838 680 advectum.
880 613 926 680 Et
947 636 1044 701 qurrm
1075 636 1207 716 respon-

61 730 131 773 snm
154 706 283 783 suisset,
315 702 377 770 illic
399 703 440 768 im
465 703 566 767 eriam
594 701 683 776 lore,
717 700 826 767 nhiet
846 697 1033 788 palladium,
1065 699 1231 770 adhibitos
1299 772 1303 781 ,

10 812 23 863 .·
61 792 221 858 Mamurio
242 792 357 870 labro,
389 726 487 854 multa
508 785 620 855 similia
640 786 728 852 facta
747 796 831 853 sunt.
875 786 1102 853 Verumtamen
1126 808 1208 873 cog-

61 879 161 946 nitum
194 877 314 944 hastae
344 875 575 960 oculorumque
617 871 780 939 nobilitate
816 882 867 938 est
905 872 947 938 ab
981 894 1047 936 una
1084 881 1210 940 tanturn·

61 963 242 1030 sacerdote.
284 961 407 1028 Dicunt
427 982 507 1026 sane
528 958 595 1038 alii,
624 980 719 1024 noum
742 957 945 1024 simulacrum
966 955 1058 1031 caelo
1082 956 1207 1045 lapsum

10 1100 12 1137 :
62 1049 148 1153 apud
170 1049 311 1115 Athenas
330 1058 453 1114 tantum
492 1044 599 1119 fuisse.
642 1044 701 1110 Alii
722 1045 787 1110 duo
810 1043 937 1126 volunt;
966 1044 1047 1125 hoc,
1078 1041 1121 1110 de
1142 1068 1206 1133 qno

62 1135 217 1217 diximus,
252 1145 287 1201 et
303 1130 381 1198 illud
400 1130 601 1199 Atheniense.
1162 1159 1167 1171 ·

760 1136 764 1146 s

1214 1150 1251 1200 ιο
1286 1172 1300 1211 .·

143 1508 147 1527 Ε
231 1412 299 1490 dl.
329 1409 681 1510 *Andromache
702 1420 746 1485 et
779 1384 1049 1488 Molossus.¹

145 1565 402 1637 consuetudinis
435 1567 550 1656 regiae
583 1565 662 1643 luit,
695 1578 733 1632 nt
768 1550 941 1652 legitimam
973 1587 1107 1633 uxorem
1143 1588 1208 1633 nou

61 1657 236 1733 habentes,
260 1653 412 1741 aliquam,
432 1653 506 1721 licet
528 1653 702 1741 captivam,
726 1660 840 1717 ‘tamen
863 1651 975 1739 prole
1000 1652 1087 1721 itima
1107 1652 1208 1718 habe-

61 1754 150 1824 rent3
182 1740 267 1808 adeo
287 1752 326 1806 nt
346 1739 436 1804 liberi
457 1762 497 1805 ex
518 1739 588 1827 ipsa
610 1737 675 1805 nati
704 1735 924 1804 succederent
974 1675 1088 1828 llaqne
1123 1737 1208 1828 Pyr-

61 1829 197 1901 rhnsca
221 1826 317 1892 tivam
338 1823 583 1891 Andromachen
623 1821 690 1890 nasi
705 1821 879 1911 legitimam
901 1824 1021 1901 habuit,
1053 1836 1086 1892 et
1106 1847 1144 1889 ex
1167 1849 1250 1901 eals

60 1914 158 1980 tilium
225 1911 366 1978 olossum
393 1911 545 1997 suscepit
596 1849 718 1977 llostea
747 1932 846 1997 quom
881 1909 974 1978 vellet
995 1909 1206 1993 Hermionen,

19 2008 23 2035 ¹
61 1997 201 2066 Menelai
235 2009 270 2064 et
305 1995 451 2062 Helenae
477 1997 590 2074 filiam,
630 1994 747 2062 Oresti
772 1995 841 2084 jam
869 2007 944 2062 ante
973 1995 1209 2086 desponsatam,

62 2084 185 2151 ducere
204 2103 355 2161 osorem,
386 2081 514 2149 Orestis
542 2080 663 2148 insidiis
683 2081 716 2145 in
737 2080 856 2168 templo
882 2080 1030 2168 Delphici
1058 2082 1209 2171 Apollinis

22 2172 190 2261 -Uoccisus
228 2180 286 2236 est
344 2168 464 2234 Verum
499 2169 636 2233 moriens
674 2168 857 2255 praecepit,
903 2177 940 2232 ut
974 2166 1208 2249 Andromache,

16 2342 20 2347 Ι
61 2279 146 2345 quae
177 2252 267 2342 apud
296 2276 370 2320 enm
400 2253 546 2341 conjugis
579 2251 685 2319 locum
717 2265 882 2330 tenuerat,
921 2254 1048 2329 Heleno
1077 2253 1251 2328 dareturao

24 2358 29 2372 ·
84 2344 198 2431 rbpter
236 2339 444 2418 beneficium,
488 2361 552 2426 qno
591 2360 664 2404 enm
697 2362 734 2404 a.
753 2337 957 2426 navigatione
990 2340 1209 2429 prohibuerat.

60 2367 143 2495 lhde
163 2427 288 2493 factum
309 2438 378 2506 est,
401 2437 436 2493 ut
458 2435 584 2492 teneret
606 2436 639 2490 et
659 2446 796 2510 ¹regnum
818 2424 970 2512 privigni,
1003 2428 1057 2514 qni
1079 2448 1209 2492 succes-

10 2510 152 2591 ,serat
172 2510 275 2603 patri3
306 2533 411 2598 aquo
440 2510 642 2577 Molossia
673 2508 760 2575 dicta
791 2522 840 2576 est
869 2533 943 2598 pars
971 2511 1081 2599 Epiri,
1111 2535 1208 2598 qoam

12 2630 21 2639 ·
59 2599 210 2666 Helenus
231 2620 252 2663 a
273 2597 373 2664 fratre
395 2596 577 2677 Chaone,
599 2618 694 2683 quem
715 2595 746 2659 in
772 2606 889 2661 venatu
910 2604 978 2683 per'
993 2598 1207 2685 ignorantiam

10 2716 17 2775 ς
61 2685 181 2753 dicitur
202 2680 377 2762 occidisse,
412 2682 644 2750 Chaoniam
659 2681 855 2766 nominavit,
887 2680 976 2771 quasi
996 2683 1039 2753 ad
1061 2681 1251 2760 solatiumss

10 2838 17 2885 t
61 2771 170 2840 fratris
193 2768 333 2836 extincti.
1172 2772 1177 2776 '

467 2987 536 3062 42.
592 2989 800 3064 Sirenes.
883 3038 885 3043 ,

146 3146 299 3225 Sirenes,
321 3140 500 3211 secundnm
522 3122 659 3209 sahulem
680 3155 764 3226 tres,
794 3155 885 3232 parte
906 3147 1045 3236 virgines
1069 3150 1208 3228 haerunt,

10 3272 23 3305 ,
85 3243 157 3301 arte
190 3232 352 3306 uolucres,
390 3230 523 3296 Acheloi
551 3229 687 3296 llnminis
716 3246 750 3298 et
778 3232 939 3320 Calhopes
969 3236 1083 3301 Musae
1113 3237 1207 3303 filiae.

10 3318 20 3401 ,l
99 3340 190 3385 arum
214 3339 396 3397 onerose,
425 3317 525 3383 altera
548 3316 647 3394 tibiis,
678 3317 737 3382 alia
762 3315 829 3404 lyra
851 3320 996 3387 canebat
1038 3323 1085 3390 Et
1105 3324 1250 3408 primone

59 3405 152 3493 juxta
173 3404 345 3484 Pelorum,
377 3403 500 3489 postia
530 3403 665 3488 Capreis
701 3403 941 3486 habitaverunt,
976 3429 1060 3494 quac
1087 3409 1207 3474 illectos

36 3506 123 3581 n‚suo
163 3501 262 3558 cantu
289 3490 326 3554 in
357 3489 527 3574 naufragia
557 3487 774 3556 deducebant.
828 3490 1014 3558 Secundum
1042 3495 1207 3560 veritatem

41 3577 250 3665 ,meretrices
279 3575 429 3658 fuerunt,
465 3596 550 3661 quae
582 3585 782 3643 transeuntes
818 3579 969 3664 quoniam
1002 3578 1208 3646 deducebant

64 3660 111 3728 ad'
126 3673 327 3749 egestatem,
361 3660 409 3726 his
431 3660 528 3726 lictae
549 3672 623 3726 snut
642 3660 762 3729 inlerre
784 3663 964 3751 naufragia
1005 3666 1077 3733 Has
1097 3666 1206 3732 Ulixes

64 3747 298 3825 contemnendo
322 3744 455 3814 deduxit
475 3744 516 3812 ad
539 3759 684 3816 mortem.
1212 3767 1248 3816 as

307 3999 377 4075 45.
431 4001 592 4076 Venus
632 4011 676 4074 et
711 4000 955 4103 Pasiphae.

10 4118 53 4202 .’
153 4137 301 4206 ludicato
323 4162 344 4204 a
371 4138 448 4204 Sole
479 4136 635 4205 adulterio
661 4132 774 4204 Martis
802 4150 835 4206 et
862 4138 1016 4219 Veneris,
1043 4139 1203 4205 Vulcanus

10 4262 24 4305 ῃ
94 4224 279 4294 'otissimis
308 4225 428 4291 catenis
453 4222 605 4291 lectulum
636 4223 749 4304 cinxit,
781 4225 896 4311 quibus
927 4226 1071 4293 Marset
1097 4226 1204 4291 Venus
