<?xml version="1.0" encoding="UTF-8"?>
<!DOCTYPE html PUBLIC "-//W3C//DTD XHTML 1.0 Transitional//EN"
    "http://www.w3.org/TR/xhtml1/DTD/xhtml1-transitional.dtd">
<html xmlns="http://www.w3.org/1999/xhtml" xml:lang="en" lang="en">
 <head>
  <title>
</title>
<meta http-equiv="Content-Type" content="text/html;charset=utf-8" />
  <meta name='ocr-system' content='tesseract 3.04.00' />
  <meta name='ocr-capabilities' content='ocr_page ocr_carea ocr_par ocr_line ocrx_word'/>
</head>
<body>
  <div class='ocr_page' id='page_1' title='image "./scriptoresrereu00bodegoog_0143.png"; bbox 0 0 2684 4606; ppageno 0'>
   <div class='ocr_carea' id='block_1_1' title="bbox 153 166 1010 451">
    <p class='ocr_par' dir='ltr' id='par_1_1' title="bbox 153 166 1010 451">
     <span class='ocr_line' id='line_1_1' title="bbox 153 166 1010 291; baseline -0.002 -29"><span class='ocrx_word' id='word_1_1' title='bbox 153 186 231 263; x_wconf 79' lang='lat' dir='ltr'><strong>arc</strong></span> <span class='ocrx_word' id='word_1_2' title='bbox 435 188 618 291; x_wconf 51' lang='lat' dir='ltr'><strong>upum.</strong></span> <span class='ocrx_word' id='word_1_3' title='bbox 644 186 696 260; x_wconf 89' lang='lat' dir='ltr'><strong>u.</strong></span> <span class='ocrx_word' id='word_1_4' title='bbox 752 166 828 261; x_wconf 82' lang='lat' dir='ltr'><strong>sat</strong></span> <span class='ocrx_word' id='word_1_5' title='bbox 847 184 1010 261; x_wconf 81' lang='lat' dir='ltr'><strong>-raa,</strong></span> 
     </span>
     <span class='ocr_line' id='line_1_2' title="bbox 456 334 894 451; baseline 0 -5"><span class='ocrx_word' id='word_1_6' title='bbox 456 334 463 347; x_wconf 82' lang='lat'><em>&#39;</em></span> <span class='ocrx_word' id='word_1_7' title='bbox 553 372 645 447; x_wconf 81' lang='lat' dir='ltr'><strong>rar.</strong></span> <span class='ocrx_word' id='word_1_8' title='bbox 699 376 894 451; x_wconf 70' lang='lat' dir='ltr'><strong>venus.</strong></span> 
     </span>
    </p>
   </div>
   <div class='ocr_carea' id='block_1_2' title="bbox 112 508 1333 1545">
    <p class='ocr_par' dir='ltr' id='par_1_2' title="bbox 112 508 1333 1545">
     <span class='ocr_line' id='line_1_3' title="bbox 240 508 1294 600; baseline 0 -23"><span class='ocrx_word' id='word_1_9' title='bbox 240 510 384 578; x_wconf 89' lang='lat' dir='ltr'><strong>ludicato</strong></span> <span class='ocrx_word' id='word_1_10' title='bbox 416 512 516 600; x_wconf 88' lang='lat' dir='ltr'><strong>igitur</strong></span> <span class='ocrx_word' id='word_1_11' title='bbox 534 536 554 577; x_wconf 89' lang='lat' dir='ltr'><strong>a</strong></span> <span class='ocrx_word' id='word_1_12' title='bbox 575 513 653 579; x_wconf 85' lang='lat' dir='ltr'><strong>Sole</strong></span> <span class='ocrx_word' id='word_1_13' title='bbox 674 511 833 579; x_wconf 87' lang='lat' dir='ltr'><strong>adulterio</strong></span> <span class='ocrx_word' id='word_1_14' title='bbox 855 512 966 581; x_wconf 87' lang='lat' dir='ltr'><strong>Martis</strong></span> <span class='ocrx_word' id='word_1_15' title='bbox 988 522 1022 579; x_wconf 88' lang='lat' dir='ltr'><strong>et</strong></span> <span class='ocrx_word' id='word_1_16' title='bbox 1042 510 1197 591; x_wconf 86' lang='lat' dir='ltr'><strong>Veneris,</strong></span> <span class='ocrx_word' id='word_1_17' title='bbox 1223 508 1294 579; x_wconf 80' lang='lat' dir='ltr'><strong>vot</strong></span> 
     </span>
     <span class='ocr_line' id='line_1_4' title="bbox 155 596 1295 687; baseline 0.002 -24"><span class='ocrx_word' id='word_1_18' title='bbox 155 618 253 664; x_wconf 90' lang='lat' dir='ltr'><strong>canus</strong></span> <span class='ocrx_word' id='word_1_19' title='bbox 276 598 487 683; x_wconf 79' lang='lat' dir='ltr'><strong>minutissimis</strong></span> <span class='ocrx_word' id='word_1_20' title='bbox 511 598 719 667; x_wconf 85' lang='lat' dir='ltr'><strong>adamantinis</strong></span> <span class='ocrx_word' id='word_1_21' title='bbox 742 601 862 666; x_wconf 90' lang='lat' dir='ltr'><strong>catenis</strong></span> <span class='ocrx_word' id='word_1_22' title='bbox 881 597 1030 666; x_wconf 89' lang='lat' dir='ltr'><strong>lectulum</strong></span> <span class='ocrx_word' id='word_1_23' title='bbox 1045 598 1160 674; x_wconf 84' lang='lat' dir='ltr'><strong>cinxit,</strong></span> <span class='ocrx_word' id='word_1_24' title='bbox 1182 596 1295 687; x_wconf 86' lang='lat' dir='ltr'><strong>quihus</strong></span> 
     </span>
     <span class='ocr_line' id='line_1_5' title="bbox 154 682 1294 773; baseline 0.004 -25"><span class='ocrx_word' id='word_1_25' title='bbox 154 682 241 750; x_wconf 91' lang='lat' dir='ltr'><strong>Mars</strong></span> <span class='ocrx_word' id='word_1_26' title='bbox 269 694 302 750; x_wconf 88' lang='lat' dir='ltr'><strong>et</strong></span> <span class='ocrx_word' id='word_1_27' title='bbox 321 684 641 771; x_wconf 79' lang='lat' dir='ltr'><strong>Venus&#39;ignorantes</strong></span> <span class='ocrx_word' id='word_1_28' title='bbox 670 684 827 773; x_wconf 78' lang='lat' dir='ltr'><strong>impliciti,</strong></span> <span class='ocrx_word' id='word_1_29' title='bbox 858 696 891 752; x_wconf 91' lang='lat' dir='ltr'><strong>et</strong></span> <span class='ocrx_word' id='word_1_30' title='bbox 915 696 1104 750; x_wconf 91' lang='lat' dir='ltr'><strong>cunctorum</strong></span> <span class='ocrx_word' id='word_1_31' title='bbox 1125 685 1188 751; x_wconf 89' lang='lat' dir='ltr'><strong>suh</strong></span> <span class='ocrx_word' id='word_1_32' title='bbox 1211 683 1294 751; x_wconf 83' lang='lat' dir='ltr'><strong>testi·</strong></span> 
     </span>
     <span class='ocr_line' id='line_1_6' title="bbox 128 768 1294 859; baseline 0 -24"><span class='ocrx_word' id='word_1_33' title='bbox 128 770 259 835; x_wconf 79' lang='lat' dir='ltr'><strong>smonio</strong></span> <span class='ocrx_word' id='word_1_34' title='bbox 282 769 415 834; x_wconf 90' lang='lat' dir='ltr'><strong>deorum</strong></span> <span class='ocrx_word' id='word_1_35' title='bbox 439 793 511 835; x_wconf 93' lang='lat' dir='ltr'><strong>cum</strong></span> <span class='ocrx_word' id='word_1_36' title='bbox 541 771 676 858; x_wconf 87' lang='lat' dir='ltr'><strong>ingente</strong></span> <span class='ocrx_word' id='word_1_37' title='bbox 701 769 897 859; x_wconf 83' lang='lat' dir='ltr'><strong>turpitudine</strong></span> <span class='ocrx_word' id='word_1_38' title='bbox 919 768 1047 837; x_wconf 79' lang='lat' dir='ltr'><strong>resoluti</strong></span> <span class='ocrx_word' id='word_1_39' title='bbox 1071 782 1154 837; x_wconf 89' lang='lat' dir='ltr'><strong>sunt.</strong></span> <span class='ocrx_word' id='word_1_40' title='bbox 1200 768 1294 845; x_wconf 80' lang='lat' dir='ltr'><strong>Quod</strong></span> 
     </span>
     <span class='ocr_line' id='line_1_7' title="bbox 153 854 1294 946; baseline 0.002 -27"><span class='ocrx_word' id='word_1_41' title='bbox 153 855 271 922; x_wconf 87' lang='lat' dir='ltr'><strong>sactum</strong></span> <span class='ocrx_word' id='word_1_42' title='bbox 295 857 402 921; x_wconf 89' lang='lat' dir='ltr'><strong>Venus</strong></span> <span class='ocrx_word' id='word_1_43' title='bbox 433 857 636 924; x_wconf 88' lang='lat' dir='ltr'><strong>vehementer</strong></span> <span class='ocrx_word' id='word_1_44' title='bbox 663 854 791 937; x_wconf 89' lang='lat' dir='ltr'><strong>dolens,</strong></span> <span class='ocrx_word' id='word_1_45' title='bbox 818 858 948 946; x_wconf 89' lang='lat' dir='ltr'><strong>stirpem</strong></span> <span class='ocrx_word' id='word_1_46' title='bbox 970 879 1097 922; x_wconf 89' lang='lat' dir='ltr'><strong>omnem</strong></span> <span class='ocrx_word' id='word_1_47' title='bbox 1120 854 1207 921; x_wconf 86' lang='lat' dir='ltr'><strong>Solis</strong></span> <span class='ocrx_word' id='word_1_48' title='bbox 1226 878 1294 945; x_wconf 85' lang='lat' dir='ltr'><strong>per-</strong></span> 
     </span>
     <span class='ocr_line' id='line_1_8' title="bbox 152 941 1333 1031; baseline 0.002 -24"><span class='ocrx_word' id='word_1_49' title='bbox 152 942 243 1029; x_wconf 88' lang='lat' dir='ltr'><strong>sequi</strong></span> <span class='ocrx_word' id='word_1_50' title='bbox 263 941 399 1008; x_wconf 84' lang='lat' dir='ltr'><strong>infandis</strong></span> <span class='ocrx_word' id='word_1_51' title='bbox 422 942 581 1009; x_wconf 89' lang='lat' dir='ltr'><strong>amoribus</strong></span> <span class='ocrx_word' id='word_1_52' title='bbox 604 945 717 1031; x_wconf 92' lang='lat' dir='ltr'><strong>coepit.</strong></span> <span class='ocrx_word' id='word_1_53' title='bbox 759 942 880 1029; x_wconf 79' lang='lat' dir='ltr'><strong>Igitur,</strong></span> <span class='ocrx_word' id='word_1_54' title='bbox 907 966 945 1008; x_wconf 89' lang='lat' dir='ltr'><strong>ea</strong></span> <span class='ocrx_word' id='word_1_55' title='bbox 967 941 1176 1022; x_wconf 81' lang='lat' dir='ltr'><strong>incendente,</strong></span> <span class='ocrx_word' id='word_1_56' title='bbox 1201 964 1296 1031; x_wconf 89' lang='lat' dir='ltr'><strong>quum</strong></span> <span class='ocrx_word' id='word_1_57' title='bbox 1330 992 1333 1009; x_wconf 83' lang='lat'><strong>.</strong></span> 
     </span>
     <span class='ocr_line' id='line_1_9' title="bbox 153 1017 1333 1115; baseline 0 -22"><span class='ocrx_word' id='word_1_58' title='bbox 153 1026 331 1115; x_wconf 69' lang='lat' dir='ltr'><strong>Pasiphae,</strong></span> <span class='ocrx_word' id='word_1_59' title='bbox 355 1027 438 1094; x_wconf 87' lang='lat' dir='ltr'><strong>Solis</strong></span> <span class='ocrx_word' id='word_1_60' title='bbox 461 1027 677 1105; x_wconf 64' lang='lat' dir='ltr'><strong>lilia,.M1uois</strong></span> <span class='ocrx_word' id='word_1_61' title='bbox 699 1030 786 1115; x_wconf 91' lang='lat' dir='ltr'><strong>regis</strong></span> <span class='ocrx_word' id='word_1_62' title='bbox 809 1030 929 1095; x_wconf 86' lang='lat' dir='ltr'><strong>Cretae</strong></span> <span class='ocrx_word' id='word_1_63' title='bbox 950 1050 1048 1107; x_wconf 85' lang='lat' dir='ltr'><strong>uxor,</strong></span> <span class='ocrx_word' id='word_1_64' title='bbox 1081 1028 1164 1095; x_wconf 75' lang='lat' dir='ltr'><strong>tauri</strong></span> <span class='ocrx_word' id='word_1_65' title='bbox 1189 1050 1297 1095; x_wconf 88' lang='lat' dir='ltr'><strong>amore</strong></span> <span class='ocrx_word' id='word_1_66' title='bbox 1321 1017 1333 1055; x_wconf 78' lang='lat'><strong>⁴</strong></span> 
     </span>
     <span class='ocr_line' id='line_1_10' title="bbox 152 1109 1333 1219; baseline 0.002 -40"><span class='ocrx_word' id='word_1_67' title='bbox 152 1114 177 1179; x_wconf 87' lang='lat' dir='ltr'>fl</span> <span class='ocrx_word' id='word_1_68' title='bbox 224 1127 325 1216; x_wconf 64' lang='lat' dir='ltr'><strong>rarat.</strong></span> <span class='ocrx_word' id='word_1_69' title='bbox 352 1126 421 1179; x_wconf 88' lang='lat' dir='ltr'><strong>arte</strong></span> <span class='ocrx_word' id='word_1_70' title='bbox 442 1113 577 1179; x_wconf 86' lang='lat' dir='ltr'><strong>Daedali</strong></span> <span class='ocrx_word' id='word_1_71' title='bbox 592 1114 682 1216; x_wconf 33' lang='lat' dir='ltr'><strong>‘intra</strong></span> <span class='ocrx_word' id='word_1_72' title='bbox 701 1137 830 1179; x_wconf 88' lang='lat' dir='ltr'><strong>vaccam</strong></span> <span class='ocrx_word' id='word_1_73' title='bbox 853 1114 1008 1201; x_wconf 79' lang='lat' dir='ltr'><strong>ligneam,</strong></span> <span class='ocrx_word' id='word_1_74' title='bbox 1033 1115 1122 1181; x_wconf 90' lang='lat' dir='ltr'><strong>corio</strong></span> <span class='ocrx_word' id='word_1_75' title='bbox 1138 1114 1297 1219; x_wconf 57' lang='lat' dir='ltr'><strong>iuvencae</strong></span> <span class='ocrx_word' id='word_1_76' title='bbox 1329 1109 1333 1175; x_wconf 83' lang='lat' dir='ltr'><strong>l</strong></span> 
     </span>
     <span class='ocr_line' id='line_1_11' title="bbox 112 1200 1333 1376; baseline 0 -25"><span class='ocrx_word' id='word_1_77' title='bbox 112 1200 1036 1376; x_wconf 62' lang='lat' dir='ltr'><strong>¹⁰tltltittttfftlratlllttthitltttt</strong></span> <span class='ocrx_word' id='word_1_78' title='bbox 1057 1201 1207 1355; x_wconf 63' lang='lat' dir='ltr'><strong>lillis}</strong></span> <span class='ocrx_word' id='word_1_79' title='bbox 1225 1214 1298 1353; x_wconf 69' lang='lat' dir='ltr'><strong>lii</strong></span> <span class='ocrx_word' id='word_1_80' title='bbox 1325 1222 1333 1369; x_wconf 77' lang='lat' dir='ltr'><strong>l</strong></span> 
     </span>
     <span class='ocr_line' id='line_1_12' title="bbox 154 1369 1298 1461; baseline 0.002 -24"><span class='ocrx_word' id='word_1_81' title='bbox 154 1371 248 1439; x_wconf 89' lang='lat' dir='ltr'><strong>uibus</strong></span> <span class='ocrx_word' id='word_1_82' title='bbox 279 1374 476 1438; x_wconf 80' lang='lat' dir='ltr'><strong>vescebatur.</strong></span> <span class='ocrx_word' id='word_1_83' title='bbox 529 1369 598 1437; x_wconf 75' lang='lat' dir='ltr'><strong>Sed</strong></span> <span class='ocrx_word' id='word_1_84' title='bbox 636 1372 740 1438; x_wconf 89' lang='lat' dir='ltr'><strong>Minos</strong></span> <span class='ocrx_word' id='word_1_85' title='bbox 777 1373 820 1437; x_wconf 91' lang='lat' dir='ltr'><strong>de</strong></span> <span class='ocrx_word' id='word_1_86' title='bbox 852 1373 1013 1461; x_wconf 67' lang='lat' dir='ltr'><strong>Pasiphae</strong></span> <span class='ocrx_word' id='word_1_87' title='bbox 1040 1371 1153 1458; x_wconf 86' lang='lat' dir='ltr'><strong>habuit</strong></span> <span class='ocrx_word' id='word_1_88' title='bbox 1181 1374 1298 1440; x_wconf 84' lang='lat' dir='ltr'><strong>liberos</strong></span> 
     </span>
     <span class='ocr_line' id='line_1_13' title="bbox 153 1456 959 1545; baseline 0.002 -23"><span class='ocrx_word' id='word_1_89' title='bbox 153 1456 280 1545; x_wconf 87' lang='lat' dir='ltr'><strong>plures,</strong></span> <span class='ocrx_word' id='word_1_90' title='bbox 306 1457 530 1544; x_wconf 82' lang='lat' dir='ltr'><strong>Androgeum,</strong></span> <span class='ocrx_word' id='word_1_91' title='bbox 559 1456 737 1538; x_wconf 81' lang='lat' dir='ltr'><strong>Ariadnen,</strong></span> <span class='ocrx_word' id='word_1_92' title='bbox 767 1456 959 1525; x_wconf 87' lang='lat' dir='ltr'><strong>Phaedrum.</strong></span> 
     </span>
    </p>
   </div>
   <div class='ocr_carea' id='block_1_3' title="bbox 494 1667 947 1772">
    <p class='ocr_par' dir='ltr' id='par_1_3' title="bbox 494 1667 947 1772">
     <span class='ocr_line' id='line_1_14' title="bbox 494 1667 947 1772; baseline -0.002 -28"><span class='ocrx_word' id='word_1_93' title='bbox 494 1668 589 1744; x_wconf 74' lang='grc'><strong>122.</strong></span> <span class='ocrx_word' id='word_1_94' title='bbox 644 1667 947 1772; x_wconf 75' lang='lat' dir='ltr'><strong>Androgeus.</strong></span> 
     </span>
    </p>
   </div>
   <div class='ocr_carea' id='block_1_4' title="bbox 71 1795 1333 2228">
    <p class='ocr_par' dir='ltr' id='par_1_4' title="bbox 71 1795 1333 2228">
     <span class='ocr_line' id='line_1_15' title="bbox 71 1795 1298 1886; baseline 0.004 -28"><span class='ocrx_word' id='word_1_95' title='bbox 71 1827 81 1842; x_wconf 76' lang='lat'>=</span> <span class='ocrx_word' id='word_1_96' title='bbox 111 1810 147 1859; x_wconf 78' lang='lat' dir='ltr'><strong>ru</strong></span> <span class='ocrx_word' id='word_1_97' title='bbox 238 1795 431 1883; x_wconf 85' lang='lat' dir='ltr'><strong>Androgeus</strong></span> <span class='ocrx_word' id='word_1_98' title='bbox 481 1818 557 1862; x_wconf 90' lang='lat' dir='ltr'><strong>uum</strong></span> <span class='ocrx_word' id='word_1_99' title='bbox 589 1796 706 1865; x_wconf 83' lang='lat' dir='ltr'><strong>athleta</strong></span> <span class='ocrx_word' id='word_1_100' title='bbox 736 1797 924 1866; x_wconf 77' lang='lat' dir='ltr'><strong>fortissimus</strong></span> <span class='ocrx_word' id='word_1_101' title='bbox 957 1808 1058 1873; x_wconf 89' lang='lat' dir='ltr'><strong>esset,</strong></span> <span class='ocrx_word' id='word_1_102' title='bbox 1097 1807 1298 1886; x_wconf 79' lang='lat' dir='ltr'><strong>cunctosque</strong></span> 
     </span>
     <span class='ocr_line' id='line_1_16' title="bbox 152 1819 1333 1971; baseline 0.002 -24"><span class='ocrx_word' id='word_1_103' title='bbox 152 1880 185 1947; x_wconf 93' lang='lat' dir='ltr'><strong>iu</strong></span> <span class='ocrx_word' id='word_1_104' title='bbox 214 1883 374 1968; x_wconf 88' lang='lat' dir='ltr'><strong>agonibus</strong></span> <span class='ocrx_word' id='word_1_105' title='bbox 402 1819 489 1971; x_wconf 45' lang='lat' dir='ltr'><strong>apuli</strong></span> <span class='ocrx_word' id='word_1_106' title='bbox 518 1882 655 1949; x_wconf 82' lang='lat' dir='ltr'><strong>Athenas</strong></span> <span class='ocrx_word' id='word_1_107' title='bbox 683 1895 867 1971; x_wconf 87' lang='lat' dir='ltr'><strong>superaret,</strong></span> <span class='ocrx_word' id='word_1_108' title='bbox 905 1883 948 1950; x_wconf 91' lang='lat' dir='ltr'><strong>ab</strong></span> <span class='ocrx_word' id='word_1_109' title='bbox 984 1881 1234 1961; x_wconf 74' lang='lat' dir='ltr'><strong>Atheniensibus</strong></span> <span class='ocrx_word' id='word_1_110' title='bbox 1268 1894 1298 1949; x_wconf 79' lang='lat' dir='ltr'><strong>st</strong></span> <span class='ocrx_word' id='word_1_111' title='bbox 1330 1964 1333 1969; x_wconf 27' lang='grc' dir='ltr'>Ι</span> 
     </span>
     <span class='ocr_line' id='line_1_17' title="bbox 152 1967 1333 2058; baseline -0.001 -24"><span class='ocrx_word' id='word_1_112' title='bbox 152 1967 260 2034; x_wconf 80' lang='lat' dir='ltr'><strong>uicinis</strong></span> <span class='ocrx_word' id='word_1_113' title='bbox 292 1967 553 2054; x_wconf 84' lang='lat' dir='ltr'><strong>Megarensibus,</strong></span> <span class='ocrx_word' id='word_1_114' title='bbox 586 1990 720 2056; x_wconf 89' lang='lat' dir='ltr'><strong>quorum</strong></span> <span class='ocrx_word' id='word_1_115' title='bbox 752 1992 808 2035; x_wconf 87' lang='lat' dir='ltr'><strong>rex</strong></span> <span class='ocrx_word' id='word_1_116' title='bbox 831 1970 929 2037; x_wconf 80' lang='lat' dir='ltr'><strong>Nisus</strong></span> <span class='ocrx_word' id='word_1_117' title='bbox 957 1980 1046 2045; x_wconf 85' lang='lat' dir='ltr'><strong>erat,</strong></span> <span class='ocrx_word' id='word_1_118' title='bbox 1077 1968 1297 2058; x_wconf 85' lang='lat' dir='ltr'><strong>conjuratione</strong></span> <span class='ocrx_word' id='word_1_119' title='bbox 1322 1980 1333 2003; x_wconf 88' lang='lat'><strong>·&#39;</strong></span> 
     </span>
     <span class='ocr_line' id='line_1_18' title="bbox 152 2038 1333 2149; baseline 0.002 -29"><span class='ocrx_word' id='word_1_120' title='bbox 152 2055 194 2120; x_wconf 80' lang='lat' dir='ltr'><strong>ab</strong></span> <span class='ocrx_word' id='word_1_121' title='bbox 221 2054 259 2119; x_wconf 87' lang='lat' dir='ltr'><strong>iis</strong></span> <span class='ocrx_word' id='word_1_122' title='bbox 279 2053 311 2118; x_wconf 92' lang='lat' dir='ltr'><strong>in</strong></span> <span class='ocrx_word' id='word_1_123' title='bbox 335 2076 407 2118; x_wconf 89' lang='lat' dir='ltr'><strong>eum</strong></span> <span class='ocrx_word' id='word_1_124' title='bbox 431 2054 534 2132; x_wconf 88' lang='lat' dir='ltr'><strong>lacta,</strong></span> <span class='ocrx_word' id='word_1_125' title='bbox 555 2051 674 2120; x_wconf 85' lang='lat' dir='ltr'><strong>insidiis</strong></span> <span class='ocrx_word' id='word_1_126' title='bbox 696 2077 806 2123; x_wconf 88' lang='lat' dir='ltr'><strong>eurum</strong></span> <span class='ocrx_word' id='word_1_127' title='bbox 831 2057 958 2122; x_wconf 86' lang='lat' dir='ltr'><strong>occisus</strong></span> <span class='ocrx_word' id='word_1_128' title='bbox 980 2069 1039 2122; x_wconf 87' lang='lat' dir='ltr'><strong>est.</strong></span> <span class='ocrx_word' id='word_1_129' title='bbox 1067 2053 1168 2129; x_wconf 81' lang='lat' dir='ltr'><strong>Quod</strong></span> <span class='ocrx_word' id='word_1_130' title='bbox 1182 2054 1295 2131; x_wconf 73' lang='lat' dir='ltr'><strong>hunos,</strong></span> <span class='ocrx_word' id='word_1_131' title='bbox 1325 2038 1333 2149; x_wconf 76' lang='lat' dir='ltr'><strong>l</strong></span> 
     </span>
     <span class='ocr_line' id='line_1_19' title="bbox 152 2138 1323 2228; baseline 0 -23"><span class='ocrx_word' id='word_1_132' title='bbox 152 2150 245 2228; x_wconf 87' lang='lat' dir='ltr'><strong>pater</strong></span> <span class='ocrx_word' id='word_1_133' title='bbox 272 2140 358 2228; x_wconf 82' lang='lat' dir='ltr'><strong>ejus,</strong></span> <span class='ocrx_word' id='word_1_134' title='bbox 396 2138 525 2218; x_wconf 87' lang='lat' dir='ltr'><strong>dolens,</strong></span> <span class='ocrx_word' id='word_1_135' title='bbox 563 2139 702 2207; x_wconf 87' lang='lat' dir='ltr'><strong>collectis</strong></span> <span class='ocrx_word' id='word_1_136' title='bbox 738 2143 886 2221; x_wconf 83' lang='lat' dir='ltr'><strong>naribus,</strong></span> <span class='ocrx_word' id='word_1_137' title='bbox 925 2140 1005 2208; x_wconf 91' lang='lat' dir='ltr'><strong>bella</strong></span> <span class='ocrx_word' id='word_1_138' title='bbox 1039 2140 1231 2209; x_wconf 85' lang='lat' dir='ltr'><strong>commorit:</strong></span> <span class='ocrx_word' id='word_1_139' title='bbox 1264 2150 1323 2205; x_wconf 81' lang='lat' dir='ltr'><strong>st·</strong></span> 
     </span>
    </p>
   </div>
   <div class='ocr_carea' id='block_1_5' title="bbox 110 2223 1326 2465">
    <p class='ocr_par' dir='ltr' id='par_1_5' title="bbox 110 2223 1326 2465">
     <span class='ocr_line' id='line_1_20' title="bbox 110 2223 1326 2315; baseline 0.008 -28"><span class='ocrx_word' id='word_1_140' title='bbox 110 2224 243 2293; x_wconf 71' lang='lat' dir='ltr'><strong>scrictis</strong></span> <span class='ocrx_word' id='word_1_141' title='bbox 267 2225 509 2292; x_wconf 86' lang='lat' dir='ltr'><strong>Atheniensibus</strong></span> <span class='ocrx_word' id='word_1_142' title='bbox 532 2247 666 2312; x_wconf 90' lang='lat' dir='ltr'><strong>poenam</strong></span> <span class='ocrx_word' id='word_1_143' title='bbox 689 2226 772 2293; x_wconf 89' lang='lat' dir='ltr'><strong>hanc</strong></span> <span class='ocrx_word' id='word_1_144' title='bbox 800 2227 981 2305; x_wconf 89' lang='lat' dir='ltr'><strong>constituit,</strong></span> <span class='ocrx_word' id='word_1_145' title='bbox 1011 2240 1047 2293; x_wconf 95' lang='lat' dir='ltr'><strong>ut</strong></span> <span class='ocrx_word' id='word_1_146' title='bbox 1072 2226 1209 2315; x_wconf 86' lang='lat' dir='ltr'><strong>siugulis</strong></span> <span class='ocrx_word' id='word_1_147' title='bbox 1251 2223 1293 2291; x_wconf 85' lang='lat' dir='ltr'><strong>ui·</strong></span> <span class='ocrx_word' id='word_1_148' title='bbox 1323 2290 1326 2297; x_wconf 94' lang='lat'><strong>.</strong></span> 
     </span>
     <span class='ocr_line' id='line_1_21' title="bbox 154 2310 1195 2398; baseline 0 -21"><span class='ocrx_word' id='word_1_149' title='bbox 154 2314 277 2398; x_wconf 88' lang='lat' dir='ltr'><strong>busque</strong></span> <span class='ocrx_word' id='word_1_150' title='bbox 305 2314 394 2377; x_wconf 89' lang='lat' dir='ltr'><strong>annis</strong></span> <span class='ocrx_word' id='word_1_151' title='bbox 417 2311 478 2376; x_wconf 92' lang='lat' dir='ltr'><strong>Vll</strong></span> <span class='ocrx_word' id='word_1_152' title='bbox 509 2314 551 2376; x_wconf 92' lang='lat' dir='ltr'><strong>de</strong></span> <span class='ocrx_word' id='word_1_153' title='bbox 580 2310 668 2395; x_wconf 90' lang='lat' dir='ltr'><strong>liliis,</strong></span> <span class='ocrx_word' id='word_1_154' title='bbox 703 2326 736 2383; x_wconf 90' lang='lat' dir='ltr'><strong>et</strong></span> <span class='ocrx_word' id='word_1_155' title='bbox 757 2312 819 2383; x_wconf 82' lang='lat' dir='ltr'><strong>Vll</strong></span> <span class='ocrx_word' id='word_1_156' title='bbox 849 2314 892 2381; x_wconf 93' lang='lat' dir='ltr'><strong>de</strong></span> <span class='ocrx_word' id='word_1_157' title='bbox 913 2314 1037 2379; x_wconf 81' lang='lat' dir='ltr'><strong>filiabus</strong></span> <span class='ocrx_word' id='word_1_158' title='bbox 1066 2313 1133 2381; x_wconf 84' lang='lat' dir='ltr'><strong>suis</strong></span> <span class='ocrx_word' id='word_1_159' title='bbox 1150 2310 1195 2377; x_wconf 87' lang='lat' dir='ltr'><strong>ed</strong></span> 
     </span>
     <span class='ocr_line' id='line_1_22' title="bbox 152 2397 530 2465; baseline 0.003 -1"><span class='ocrx_word' id='word_1_160' title='bbox 152 2397 332 2464; x_wconf 82' lang='lat' dir='ltr'><strong>Minotauro</strong></span> <span class='ocrx_word' id='word_1_161' title='bbox 363 2398 530 2465; x_wconf 75' lang='lat' dir='ltr'><strong>mitterent.</strong></span> 
     </span>
    </p>
   </div>
   <div class='ocr_carea' id='block_1_6' title="bbox 544 2571 900 2674">
    <p class='ocr_par' dir='ltr' id='par_1_6' title="bbox 544 2571 900 2674">
     <span class='ocr_line' id='line_1_23' title="bbox 544 2571 900 2674; baseline -0.008 -27"><span class='ocrx_word' id='word_1_162' title='bbox 544 2571 639 2647; x_wconf 77' lang='grc'><strong>125.</strong></span> <span class='ocrx_word' id='word_1_163' title='bbox 694 2572 900 2674; x_wconf 78' lang='lat' dir='ltr'><strong>Scylla.</strong></span> 
     </span>
    </p>
   </div>
   <div class='ocr_carea' id='block_1_7' title="bbox 111 2700 1319 3048">
    <p class='ocr_par' dir='ltr' id='par_1_7' title="bbox 111 2700 1319 3048">
     <span class='ocr_line' id='line_1_24' title="bbox 246 2700 1291 2791; baseline -0.001 -23"><span class='ocrx_word' id='word_1_164' title='bbox 246 2704 346 2772; x_wconf 85' lang='lat' dir='ltr'><strong>Victis</strong></span> <span class='ocrx_word' id='word_1_165' title='bbox 380 2714 487 2770; x_wconf 90' lang='lat' dir='ltr'><strong>autem</strong></span> <span class='ocrx_word' id='word_1_166' title='bbox 517 2703 779 2777; x_wconf 89' lang='lat' dir='ltr'><strong>Atheniensibus,</strong></span> <span class='ocrx_word' id='word_1_167' title='bbox 819 2725 917 2791; x_wconf 89' lang='lat' dir='ltr'><strong>quum</strong></span> <span class='ocrx_word' id='word_1_168' title='bbox 946 2712 1057 2769; x_wconf 92' lang='lat' dir='ltr'><strong>contra</strong></span> <span class='ocrx_word' id='word_1_169' title='bbox 1085 2700 1291 2789; x_wconf 73' lang='lat' dir='ltr'><strong>Megarenses</strong></span> 
     </span>
     <span class='ocr_line' id='line_1_25' title="bbox 111 2784 1319 2879; baseline 0 -26"><span class='ocrx_word' id='word_1_170' title='bbox 111 2789 240 2856; x_wconf 71' lang='lat' dir='ltr'><strong>nobella</strong></span> <span class='ocrx_word' id='word_1_171' title='bbox 262 2790 365 2854; x_wconf 86' lang='lat' dir='ltr'><strong>Minos</strong></span> <span class='ocrx_word' id='word_1_172' title='bbox 387 2802 545 2869; x_wconf 84' lang='lat' dir='ltr'><strong>moveret,</strong></span> <span class='ocrx_word' id='word_1_173' title='bbox 568 2792 643 2877; x_wconf 84' lang='lat' dir='ltr'><strong>quia</strong></span> <span class='ocrx_word' id='word_1_174' title='bbox 665 2790 824 2854; x_wconf 84' lang='lat' dir='ltr'><strong>formosus</strong></span> <span class='ocrx_word' id='word_1_175' title='bbox 846 2800 926 2867; x_wconf 88' lang='lat' dir='ltr'><strong>erat,</strong></span> <span class='ocrx_word' id='word_1_176' title='bbox 947 2800 1071 2855; x_wconf 86' lang='lat' dir='ltr'><strong>amatus</strong></span> <span class='ocrx_word' id='word_1_177' title='bbox 1087 2797 1138 2855; x_wconf 79' lang='lat' dir='ltr'><strong>est</strong></span> <span class='ocrx_word' id='word_1_178' title='bbox 1151 2784 1319 2879; x_wconf 54' lang='lat' dir='ltr'><strong>aScyM&#39;„</strong></span> 
     </span>
     <span class='ocr_line' id='line_1_26' title="bbox 152 2872 1306 2962; baseline -0.003 -19"><span class='ocrx_word' id='word_1_179' title='bbox 152 2875 223 2943; x_wconf 91' lang='lat' dir='ltr'><strong>Nisi</strong></span> <span class='ocrx_word' id='word_1_180' title='bbox 244 2875 485 2961; x_wconf 86' lang='lat' dir='ltr'><strong>Megarensium</strong></span> <span class='ocrx_word' id='word_1_181' title='bbox 510 2876 599 2961; x_wconf 89' lang='lat' dir='ltr'><strong>regis</strong></span> <span class='ocrx_word' id='word_1_182' title='bbox 620 2874 693 2941; x_wconf 88' lang='lat' dir='ltr'><strong>lilia.</strong></span> <span class='ocrx_word' id='word_1_183' title='bbox 737 2876 831 2949; x_wconf 84' lang='lat' dir='ltr'><strong>Quae</strong></span> <span class='ocrx_word' id='word_1_184' title='bbox 859 2886 895 2941; x_wconf 91' lang='lat' dir='ltr'><strong>ut</strong></span> <span class='ocrx_word' id='word_1_185' title='bbox 926 2874 1007 2943; x_wconf 90' lang='lat' dir='ltr'><strong>hosti</strong></span> <span class='ocrx_word' id='word_1_186' title='bbox 1029 2885 1138 2962; x_wconf 87' lang='lat' dir='ltr'><strong>posset</strong></span> <span class='ocrx_word' id='word_1_187' title='bbox 1160 2872 1306 2962; x_wconf 62' lang='lat' dir='ltr'><strong>placem,</strong></span> 
     </span>
     <span class='ocr_line' id='line_1_27' title="bbox 154 2958 1290 3048; baseline 0 -21"><span class='ocrx_word' id='word_1_188' title='bbox 154 2982 279 3027; x_wconf 89' lang='lat' dir='ltr'><strong>comam</strong></span> <span class='ocrx_word' id='word_1_189' title='bbox 301 2981 512 3048; x_wconf 89' lang='lat' dir='ltr'><strong>purpuream,</strong></span> <span class='ocrx_word' id='word_1_190' title='bbox 534 2964 657 3048; x_wconf 90' lang='lat' dir='ltr'><strong>parenti</strong></span> <span class='ocrx_word' id='word_1_191' title='bbox 681 2962 856 3039; x_wconf 89' lang='lat' dir='ltr'><strong>abscisam,</strong></span> <span class='ocrx_word' id='word_1_192' title='bbox 879 2962 908 3026; x_wconf 93' lang='lat' dir='ltr'><strong>ei</strong></span> <span class='ocrx_word' id='word_1_193' title='bbox 930 2959 1059 3041; x_wconf 89' lang='lat' dir='ltr'><strong>obtulit;</strong></span> <span class='ocrx_word' id='word_1_194' title='bbox 1079 2982 1177 3047; x_wconf 85' lang='lat' dir='ltr'><strong>quam</strong></span> <span class='ocrx_word' id='word_1_195' title='bbox 1198 2958 1290 3027; x_wconf 83' lang='lat' dir='ltr'><strong>Nrsu</strong></span> 
     </span>
    </p>
   </div>
   <div class='ocr_carea' id='block_1_8' title="bbox 34 3045 1315 3654">
    <p class='ocr_par' dir='ltr' id='par_1_8' title="bbox 153 3045 1291 3136">
     <span class='ocr_line' id='line_1_28' title="bbox 153 3045 1291 3136; baseline -0.001 -24"><span class='ocrx_word' id='word_1_196' title='bbox 153 3048 198 3114; x_wconf 90' lang='lat' dir='ltr'><strong>ita</strong></span> <span class='ocrx_word' id='word_1_197' title='bbox 219 3046 374 3112; x_wconf 87' lang='lat' dir='ltr'><strong>habuerat</strong></span> <span class='ocrx_word' id='word_1_198' title='bbox 396 3057 632 3126; x_wconf 81' lang='lat' dir='ltr'><strong>consecratam,</strong></span> <span class='ocrx_word' id='word_1_199' title='bbox 659 3060 695 3115; x_wconf 93' lang='lat' dir='ltr'><strong>ut</strong></span> <span class='ocrx_word' id='word_1_200' title='bbox 713 3045 834 3113; x_wconf 89' lang='lat' dir='ltr'><strong>tamdiu</strong></span> <span class='ocrx_word' id='word_1_201' title='bbox 855 3068 959 3134; x_wconf 91' lang='lat' dir='ltr'><strong>regno</strong></span> <span class='ocrx_word' id='word_1_202' title='bbox 982 3047 1156 3136; x_wconf 87' lang='lat' dir='ltr'><strong>potiretur,</strong></span> <span class='ocrx_word' id='word_1_203' title='bbox 1185 3066 1291 3135; x_wconf 83' lang='lat' dir='ltr'><strong>quam·</strong></span> 
     </span>
    </p>

    <p class='ocr_par' dir='ltr' id='par_1_9' title="bbox 77 3130 1292 3223">
     <span class='ocr_line' id='line_1_29' title="bbox 77 3130 1292 3223; baseline 0.002 -26"><span class='ocrx_word' id='word_1_204' title='bbox 77 3136 81 3141; x_wconf 84' lang='lat'>&#39;</span> <span class='ocrx_word' id='word_1_205' title='bbox 111 3154 116 3165; x_wconf 87' lang='grc'><strong><em>·</em></strong></span> <span class='ocrx_word' id='word_1_206' title='bbox 155 3132 209 3198; x_wconf 88' lang='lat' dir='ltr'><strong>diu</strong></span> <span class='ocrx_word' id='word_1_207' title='bbox 229 3130 311 3195; x_wconf 90' lang='lat' dir='ltr'><strong>illam</strong></span> <span class='ocrx_word' id='word_1_208' title='bbox 337 3131 496 3200; x_wconf 89' lang='lat' dir='ltr'><strong>habuisset</strong></span> <span class='ocrx_word' id='word_1_209' title='bbox 515 3133 675 3200; x_wconf 89' lang='lat' dir='ltr'><strong>intactam.</strong></span> <span class='ocrx_word' id='word_1_210' title='bbox 707 3133 831 3210; x_wconf 88' lang='lat' dir='ltr'><strong>Minos,</strong></span> <span class='ocrx_word' id='word_1_211' title='bbox 853 3146 988 3223; x_wconf 87' lang='lat' dir='ltr'><strong>accepto</strong></span> <span class='ocrx_word' id='word_1_212' title='bbox 1010 3133 1115 3211; x_wconf 87' lang='lat' dir='ltr'><strong>crine,</strong></span> <span class='ocrx_word' id='word_1_213' title='bbox 1136 3132 1292 3200; x_wconf 76' lang='lat' dir='ltr'><strong>civitaten</strong></span> 
     </span>
    </p>

    <p class='ocr_par' dir='ltr' id='par_1_10' title="bbox 34 3216 1315 3564">
     <span class='ocr_line' id='line_1_30' title="bbox 34 3216 1315 3305; baseline 0 -22"><span class='ocrx_word' id='word_1_214' title='bbox 34 3280 37 3299; x_wconf 71' lang='lat'><strong>,</strong></span> <span class='ocrx_word' id='word_1_215' title='bbox 114 3216 370 3305; x_wconf 78' lang='lat' dir='ltr'><strong>noexpugnarit,</strong></span> <span class='ocrx_word' id='word_1_216' title='bbox 400 3230 432 3284; x_wconf 88' lang='lat' dir='ltr'><strong>et</strong></span> <span class='ocrx_word' id='word_1_217' title='bbox 454 3218 569 3287; x_wconf 89' lang='lat' dir='ltr'><strong>Nisum</strong></span> <span class='ocrx_word' id='word_1_218' title='bbox 589 3220 757 3287; x_wconf 84' lang='lat' dir='ltr'><strong>interfecit.</strong></span> <span class='ocrx_word' id='word_1_219' title='bbox 801 3219 921 3287; x_wconf 88' lang='lat' dir='ltr'><strong>Postea</strong></span> <span class='ocrx_word' id='word_1_220' title='bbox 942 3231 975 3286; x_wconf 91' lang='lat' dir='ltr'><strong>et</strong></span> <span class='ocrx_word' id='word_1_221' title='bbox 992 3220 1037 3285; x_wconf 86' lang='lat' dir='ltr'><strong>Sc</strong></span> <span class='ocrx_word' id='word_1_222' title='bbox 1059 3217 1118 3298; x_wconf 90' lang='lat' dir='ltr'><strong>lla,</strong></span> <span class='ocrx_word' id='word_1_223' title='bbox 1147 3218 1315 3291; x_wconf 76' lang='lat' dir='ltr'><strong>aMinoi,</strong></span> 
     </span>
     <span class='ocr_line' id='line_1_31' title="bbox 155 3303 1292 3384; baseline 0.002 -15"><span class='ocrx_word' id='word_1_224' title='bbox 155 3313 332 3380; x_wconf 87' lang='lat' dir='ltr'><strong>contemta,</strong></span> <span class='ocrx_word' id='word_1_225' title='bbox 365 3303 476 3370; x_wconf 90' lang='lat' dir='ltr'><strong>dolore</strong></span> <span class='ocrx_word' id='word_1_226' title='bbox 506 3306 538 3371; x_wconf 91' lang='lat' dir='ltr'><strong>in</strong></span> <span class='ocrx_word' id='word_1_227' title='bbox 566 3329 655 3372; x_wconf 88' lang='lat' dir='ltr'><strong>avem</strong></span> <span class='ocrx_word' id='word_1_228' title='bbox 686 3318 929 3384; x_wconf 61' lang='lat' dir='ltr'><strong>conversasse</strong></span> <span class='ocrx_word' id='word_1_229' title='bbox 967 3318 1000 3371; x_wconf 91' lang='lat' dir='ltr'><strong>et</strong></span> <span class='ocrx_word' id='word_1_230' title='bbox 1052 3305 1117 3370; x_wconf 88' lang='lat' dir='ltr'><strong>isus</strong></span> <span class='ocrx_word' id='word_1_231' title='bbox 1134 3304 1292 3372; x_wconf 80' lang='lat' dir='ltr'><strong>-extinctor</strong></span> 
     </span>
     <span class='ocr_line' id='line_1_32' title="bbox 154 3388 1293 3464; baseline 0.002 -9"><span class='ocrx_word' id='word_1_232' title='bbox 154 3388 357 3455; x_wconf 86' lang='lat' dir='ltr'><strong>miseratione</strong></span> <span class='ocrx_word' id='word_1_233' title='bbox 386 3389 518 3457; x_wconf 91' lang='lat' dir='ltr'><strong>deorum</strong></span> <span class='ocrx_word' id='word_1_234' title='bbox 544 3389 575 3456; x_wconf 92' lang='lat' dir='ltr'><strong>in</strong></span> <span class='ocrx_word' id='word_1_235' title='bbox 598 3392 662 3458; x_wconf 85' lang='lat' dir='ltr'><strong>aris</strong></span> <span class='ocrx_word' id='word_1_236' title='bbox 685 3402 823 3459; x_wconf 87' lang='lat' dir='ltr'><strong>mutatus</strong></span> <span class='ocrx_word' id='word_1_237' title='bbox 844 3403 894 3459; x_wconf 89' lang='lat' dir='ltr'><strong>est</strong></span> <span class='ocrx_word' id='word_1_238' title='bbox 916 3390 1059 3457; x_wconf 87' lang='lat' dir='ltr'><strong>sormam.</strong></span> <span class='ocrx_word' id='word_1_239' title='bbox 1104 3390 1201 3464; x_wconf 84' lang='lat' dir='ltr'><strong>Quae</strong></span> <span class='ocrx_word' id='word_1_240' title='bbox 1223 3412 1293 3457; x_wconf 77' lang='lat' dir='ltr'><strong>arcs</strong></span> 
     </span>
     <span class='ocr_line' id='line_1_33' title="bbox 154 3470 1293 3564; baseline -0.003 -23"><span class='ocrx_word' id='word_1_241' title='bbox 154 3472 252 3541; x_wconf 90' lang='lat' dir='ltr'><strong>hodie</strong></span> <span class='ocrx_word' id='word_1_242' title='bbox 280 3475 362 3541; x_wconf 87' lang='lat' dir='ltr'><strong>iuter</strong></span> <span class='ocrx_word' id='word_1_243' title='bbox 389 3500 425 3542; x_wconf 88' lang='lat' dir='ltr'><strong>se</strong></span> <span class='ocrx_word' id='word_1_244' title='bbox 454 3477 646 3546; x_wconf 88' lang='lat' dir='ltr'><strong>discordant.</strong></span> <span class='ocrx_word' id='word_1_245' title='bbox 700 3476 783 3544; x_wconf 90' lang='lat' dir='ltr'><strong>Nam</strong></span> <span class='ocrx_word' id='word_1_246' title='bbox 814 3500 871 3564; x_wconf 92' lang='lat' dir='ltr'><strong>pro</strong></span> <span class='ocrx_word' id='word_1_247' title='bbox 893 3478 1007 3544; x_wconf 85' lang='lat' dir='ltr'><strong>veteris</strong></span> <span class='ocrx_word' id='word_1_248' title='bbox 1036 3474 1234 3555; x_wconf 72' lang='lat' dir='ltr'><strong>odimlacti,</strong></span> <span class='ocrx_word' id='word_1_249' title='bbox 1263 3470 1293 3541; x_wconf 88' lang='lat' dir='ltr'><strong>id</strong></span> 
     </span>
    </p>

    <p class='ocr_par' dir='ltr' id='par_1_11' title="bbox 156 3560 1293 3654">
     <span class='ocr_line' id='line_1_34' title="bbox 156 3560 1293 3654; baseline 0.001 -26"><span class='ocrx_word' id='word_1_250' title='bbox 156 3572 205 3628; x_wconf 86' lang='lat' dir='ltr'><strong>est</strong></span> <span class='ocrx_word' id='word_1_251' title='bbox 233 3560 344 3637; x_wconf 85' lang='lat' dir='ltr'><strong>crinis,</strong></span> <span class='ocrx_word' id='word_1_252' title='bbox 374 3562 471 3631; x_wconf 91' lang='lat' dir='ltr'><strong>Nisus</strong></span> <span class='ocrx_word' id='word_1_253' title='bbox 501 3565 703 3654; x_wconf 86' lang='lat' dir='ltr'><strong>persequitur</strong></span> <span class='ocrx_word' id='word_1_254' title='bbox 724 3562 883 3652; x_wconf 86' lang='lat' dir='ltr'><strong>Scyllam,</strong></span> <span class='ocrx_word' id='word_1_255' title='bbox 913 3575 950 3631; x_wconf 91' lang='lat' dir='ltr'><strong>ut</strong></span> <span class='ocrx_word' id='word_1_256' title='bbox 972 3585 1042 3629; x_wconf 88' lang='lat' dir='ltr'><strong>eam</strong></span> <span class='ocrx_word' id='word_1_257' title='bbox 1056 3562 1161 3653; x_wconf 35' lang='lat' dir='ltr'><strong>‚mont</strong></span> <span class='ocrx_word' id='word_1_258' title='bbox 1179 3560 1293 3631; x_wconf 76' lang='lat' dir='ltr'><strong>uada</strong></span> 
     </span>
    </p>
   </div>
   <div class='ocr_carea' id='block_1_9' title="bbox 113 3746 930 3837">
    <p class='ocr_par' dir='ltr' id='par_1_12' title="bbox 113 3746 930 3837">
     <span class='ocr_line' id='line_1_35' title="bbox 113 3746 930 3837; baseline 0.005 -8"><span class='ocrx_word' id='word_1_259' title='bbox 113 3746 153 3829; x_wconf 37' lang='lat'><strong>⁸⁶¹</strong></span> <span class='ocrx_word' id='word_1_260' title='bbox 231 3793 234 3798; x_wconf 95' lang='lat'>·</span> <span class='ocrx_word' id='word_1_261' title='bbox 523 3760 616 3837; x_wconf 70' lang='lat'><strong>124.</strong></span> <span class='ocrx_word' id='word_1_262' title='bbox 671 3759 930 3835; x_wconf 85' lang='lat' dir='ltr'><strong>Theseus</strong></span> 
     </span>
    </p>
   </div>
   <div class='ocr_carea' id='block_1_10' title="bbox 33 3888 1316 4335">
    <p class='ocr_par' dir='ltr' id='par_1_13' title="bbox 132 3888 1316 4151">
     <span class='ocr_line' id='line_1_36' title="bbox 241 3888 1295 3977; baseline -0.002 -20"><span class='ocrx_word' id='word_1_263' title='bbox 241 3892 308 3960; x_wconf 88' lang='lat' dir='ltr'><strong>Sed</strong></span> <span class='ocrx_word' id='word_1_264' title='bbox 330 3892 536 3961; x_wconf 85' lang='lat' dir='ltr'><strong>Athenienses</strong></span> <span class='ocrx_word' id='word_1_265' title='bbox 558 3890 634 3956; x_wconf 92' lang='lat' dir='ltr'><strong>dum</strong></span> <span class='ocrx_word' id='word_1_266' title='bbox 656 3888 788 3977; x_wconf 89' lang='lat' dir='ltr'><strong>singulis</strong></span> <span class='ocrx_word' id='word_1_267' title='bbox 811 3888 900 3953; x_wconf 86' lang='lat' dir='ltr'><strong>annis</strong></span> <span class='ocrx_word' id='word_1_268' title='bbox 921 3888 1001 3955; x_wconf 90' lang='lat' dir='ltr'><strong>lilios</strong></span> <span class='ocrx_word' id='word_1_269' title='bbox 1021 3889 1206 3956; x_wconf 86' lang='lat' dir='ltr'><strong>Minotauro</strong></span> <span class='ocrx_word' id='word_1_270' title='bbox 1229 3888 1295 3955; x_wconf 69' lang='lat' dir='ltr'><strong>mit</strong></span> 
     </span>
     <span class='ocr_line' id='line_1_37' title="bbox 132 3974 1296 4089; baseline -0.003 -45"><span class='ocrx_word' id='word_1_271' title='bbox 132 3986 279 4057; x_wconf 83' lang='lat' dir='ltr'><strong>¹terent,</strong></span> <span class='ocrx_word' id='word_1_272' title='bbox 315 3984 409 4089; x_wconf 65' lang='lat' dir='ltr'><strong>tegio</strong></span> <span class='ocrx_word' id='word_1_273' title='bbox 436 4000 519 4043; x_wconf 91' lang='lat' dir='ltr'><strong>anno</strong></span> <span class='ocrx_word' id='word_1_274' title='bbox 548 3977 715 4051; x_wconf 78' lang='lat' dir='ltr'><strong>Theseus,</strong></span> <span class='ocrx_word' id='word_1_275' title='bbox 749 3974 943 4041; x_wconf 87' lang='lat' dir='ltr'><strong>Athenarum</strong></span> <span class='ocrx_word' id='word_1_276' title='bbox 972 3977 1060 4063; x_wconf 85' lang='lat' dir='ltr'><strong>regis</strong></span> <span class='ocrx_word' id='word_1_277' title='bbox 1081 3975 1185 4063; x_wconf 81' lang='lat' dir='ltr'><strong>Aegei</strong></span> <span class='ocrx_word' id='word_1_278' title='bbox 1206 3975 1296 4055; x_wconf 79' lang='lat' dir='ltr'><strong>lilius,</strong></span> 
     </span>
     <span class='ocr_line' id='line_1_38' title="bbox 156 4060 1316 4151; baseline 0 -22"><span class='ocrx_word' id='word_1_279' title='bbox 156 4064 270 4130; x_wconf 89' lang='lat' dir='ltr'><strong>missus</strong></span> <span class='ocrx_word' id='word_1_280' title='bbox 301 4083 367 4146; x_wconf 88' lang='lat' dir='ltr'><strong>est,</strong></span> <span class='ocrx_word' id='word_1_281' title='bbox 397 4079 461 4135; x_wconf 89' lang='lat' dir='ltr'><strong>tam</strong></span> <span class='ocrx_word' id='word_1_282' title='bbox 484 4064 598 4129; x_wconf 86' lang='lat' dir='ltr'><strong>virtute</strong></span> <span class='ocrx_word' id='word_1_283' title='bbox 615 4076 747 4150; x_wconf 82' lang='lat' dir='ltr'><strong>potens,</strong></span> <span class='ocrx_word' id='word_1_284' title='bbox 779 4084 873 4148; x_wconf 85' lang='lat' dir='ltr'><strong>quam</strong></span> <span class='ocrx_word' id='word_1_285' title='bbox 898 4061 1008 4127; x_wconf 78' lang='lat' dir='ltr'><strong>forma.</strong></span> <span class='ocrx_word' id='word_1_286' title='bbox 1051 4062 1115 4137; x_wconf 81' lang='lat' dir='ltr'><strong>Qui</strong></span> <span class='ocrx_word' id='word_1_287' title='bbox 1136 4084 1238 4151; x_wconf 87' lang='lat' dir='ltr'><strong>quum</strong></span> <span class='ocrx_word' id='word_1_288' title='bbox 1257 4060 1316 4129; x_wconf 70' lang='grc' dir='ltr'><strong>ιδ’</strong></span> 
     </span>
    </p>

    <p class='ocr_par' dir='ltr' id='par_1_14' title="bbox 33 4146 1300 4335">
     <span class='ocr_line' id='line_1_39' title="bbox 112 4146 1299 4241; baseline -0.003 -24"><span class='ocrx_word' id='word_1_289' title='bbox 112 4148 316 4230; x_wconf 68' lang='grc' dir='ltr'><strong>“-Ανίεάηο,</strong></span> <span class='ocrx_word' id='word_1_290' title='bbox 352 4151 438 4241; x_wconf 86' lang='lat' dir='ltr'><strong>regis</strong></span> <span class='ocrx_word' id='word_1_291' title='bbox 469 4150 551 4223; x_wconf 83' lang='lat' dir='ltr'><strong>iilia,</strong></span> <span class='ocrx_word' id='word_1_292' title='bbox 583 4162 707 4215; x_wconf 85' lang='lat' dir='ltr'><strong>amatus</strong></span> <span class='ocrx_word' id='word_1_293' title='bbox 743 4146 868 4221; x_wconf 84' lang='lat' dir='ltr'><strong>luisset,</strong></span> <span class='ocrx_word' id='word_1_294' title='bbox 901 4146 970 4234; x_wconf 88' lang='lat' dir='ltr'><strong>ipsa</strong></span> <span class='ocrx_word' id='word_1_295' title='bbox 999 4147 1135 4225; x_wconf 86' lang='lat' dir='ltr'><strong>timens,</strong></span> <span class='ocrx_word' id='word_1_296' title='bbox 1169 4170 1212 4213; x_wconf 87' lang='lat' dir='ltr'><strong>nc</strong></span> <span class='ocrx_word' id='word_1_297' title='bbox 1239 4146 1299 4225; x_wconf 85' lang='lat' dir='ltr'><strong>ille,</strong></span> 
     </span>
     <span class='ocr_line' id='line_1_40' title="bbox 33 4230 1300 4335; baseline -0.002 -32"><span class='ocrx_word' id='word_1_298' title='bbox 33 4298 36 4303; x_wconf 88' lang='lat'><strong>.</strong></span> <span class='ocrx_word' id='word_1_299' title='bbox 69 4327 73 4335; x_wconf 30' lang='grc' dir='ltr'>Ι</span> <span class='ocrx_word' id='word_1_300' title='bbox 98 4238 295 4321; x_wconf 69' lang='lat' dir='ltr'><strong>coquamris</strong></span> <span class='ocrx_word' id='word_1_301' title='bbox 318 4241 431 4307; x_wconf 82' lang='lat' dir='ltr'><strong>urciso</strong></span> <span class='ocrx_word' id='word_1_302' title='bbox 452 4236 654 4317; x_wconf 90' lang='lat' dir='ltr'><strong>Minotauro,</strong></span> <span class='ocrx_word' id='word_1_303' title='bbox 681 4230 840 4321; x_wconf 83' lang='lat' dir='ltr'><strong>multiplex</strong></span> <span class='ocrx_word' id='word_1_304' title='bbox 869 4245 902 4299; x_wconf 85' lang='lat' dir='ltr'><strong>et</strong></span> <span class='ocrx_word' id='word_1_305' title='bbox 923 4231 1107 4321; x_wconf 79' lang='lat' dir='ltr'><strong>perplexum</strong></span> <span class='ocrx_word' id='word_1_306' title='bbox 1129 4230 1300 4323; x_wconf 84' lang='lat' dir='ltr'><strong>labyrinthi</strong></span> 
     </span>
    </p>
   </div>
   <div class='ocr_carea' id='block_1_11' title="bbox 0 0 1364 4606">
    <p class='ocr_par' dir='ltr' id='par_1_15' title="bbox 0 0 1364 4606">
     <span class='ocr_line' id='line_1_41' title="bbox 0 0 1364 4606; baseline 0 0"><span class='ocrx_word' id='word_1_307' title='bbox 0 0 1364 4606; x_wconf 95' lang='lat' dir='ltr'><strong> </strong></span> 
     </span>
    </p>
   </div>
  </div>
 </body>
</html>
