2684 4606
131 176 214 257 m
459 178 653 283 managa«
671 178 742 253 111.
797 179 839 267 6.
889 178 927 255 l.
981 222 986 241 ·-

134 367 242 458 ipsae,
265 366 382 457 quippo
403 364 435 433 in
456 364 641 434 thesaurum
662 361 863 449 reconditae,
887 350 1042 467 apparere
1062 363 1111 431 rol
1132 364 1262 454 fulgere

135 449 658 607 qasnstuntfiineoesdomippeatuqaoa
684 451 732 601 ¹lpr
756 449 840 601 tqqis
854 448 1165 603 gpqrrqaquqqqiqps
1187 453 1262 607 redi

47 570 56 599 ι
217 586 227 606 .
315 560 509 604 noseu
614 560 725 616 ‚o
1090 560 1248 604 aone

137 564 208 693 lillis
225 624 260 692 e't
278 623 362 727 patri
382 622 522 689 oaedtas
543 560 827 688 dieiturqimmissa.
870 618 938 687 Sed
959 629 992 686 at
1010 619 1104 703 ideo,
1127 632 1165 691 ut
1177 562 1262 691 llinis

111 710 348 799 erinigenam,
369 706 510 775 Phineus
531 728 647 773 oaeous
667 708 814 811 lingitur,
841 704 928 794 qood
949 706 1049 773 omnis
1070 730 1185 775 avaras
1203 732 1262 777 sua

136 818 200 863 non
228 794 322 875 ridet,
354 814 574 882 necunquam
605 794 734 859 resinat
762 790 886 864 habita,
920 789 997 858 dum
1025 808 1161 883 semper¹
1183 806 1262 881 eget

122 880 300 949 -lrabendin
342 877 421 944 Ideo
442 877 605 967 Harpyiae
626 876 653 942 ei
697 876 802 966 sajus
822 876 965 964 rapiunt,
996 877 1085 979 quod
1106 880 1261 948 tanaoitas

135 990 238 1054 rapax
265 962 382 1051 aliquid
412 986 486 1030 eum
516 963 558 1029 de
587 984 646 1028 suo
675 972 809 1049 gustare
836 984 899 1028 aon
920 964 1082 1051 permittit
1124 967 1167 1031 At
1187 988 1261 1034 rero

137 1050 225 1141 quod
246 1050 315 1154 ejus
337 1049 470 1137 prandia
489 1058 632 1115 stercore
650 1046 790 1125 foedant,
810 1047 912 1114 innuit
927 1048 1143 1117 feneratorum
1157 1051 1263 1133 vitam,

97 1139 170 1207 toin
191 1137 353 1214 omnbus,
375 1144 412 1202 ut
434 1135 549 1223 probat
568 1132 740 1213 Horatius,
760 1132 931 1200 sordidam.
973 1132 1041 1200 Sed
1062 1156 1119 1203 eas
1137 1156 1164 1203 a
1187 1160 1264 1205 oon·

138 1233 253 1312 speetu
268 1240 338 1309 equs
352 1220 450 1286 Zetes
467 1229 500 1285 et
515 1216 622 1286 Calais
643 1218 767 1306 fugant,
810 1218 865 1285 uia
883 1220 1012 1285 Graece
1033 1220 1139 1307 ζητῶν
1159 1218 1264 1293 snidr

136 1309 318 1397 inquirens
346 1302 470 1369 bonum
501 1302 644 1371 (linimus.
699 1302 744 1369 Hi
774 1242 848 1369 ideo
882 1302 1005 1371 volatici
1045 1305 1262 1392 perhibentur,

158 1390 225 1460 uod
246 1390 345 1458 omnis
366 1389 523 1478 inquisitio
545 1389 618 1455 boni
637 1388 773 1456 terranis
794 1411 967 1477 numquam
987 1390 1084 1457 rebus
1100 1392 1261 1460 misectur.

136 1416 217 1545 ldoo
239 1475 400 1566 Aquilonis
417 1474 489 1555 fibi,
518 1473 605 1563 quod
630 1475 703 1540 boni
730 1474 889 1564 inquisitio
914 1473 1084 1563 spiritualia
1105 1488 1172 1559 est,
1200 1500 1261 1546 aon

96 1563 281 1636 lucernalis.
324 1562 417 1647 Ergo
438 1560 581 1627 veniente
601 1562 758 1640 bonitate,
791 1560 892 1628 omnis
908 1560 1019 1650 rapina
1037 1561 1070 1626 lu
1097 1573 1182 1631 atur.

219 1652 251 1716 i.
294 1648 404 1713 Habet
424 1645 518 1712 etiam
539 1645 664 1727 fabula,
691 1645 878 1733 Neptunum
898 1669 972 1712 oum
992 1648 1060 1734 Apo
1081 1670 1133 1713 rue
1152 1670 1261 1715 muros

137 1732 259 1838 'l'rojae
279 1733 469 1799 labrioabtm
489 1753 570 1797 esse.
614 1728 681 1798 sed
713 1742 838 1798 nonant
864 1730 1118 1799 Laomedontem
1148 1754 1261 1824 supra·

138 1820 231 1887 diotre
253 1817 311 1884 diis
332 1829 452 1884 oertam
473 1815 595 1884 vovisse
615 1815 781 1905 pecuniam
805 1815 847 1884 ad
865 1838 958 1886 asora
977 1816 1135 1901 facienda,
1156 1842 1262 1909 qum,

137 1904 372 1972 inaminentibus
409 1901 570 1980 hostibus,
613 1900 654 1967 ad
694 1922 857 1969 murorum
901 1901 1055 1969 fabricam
1093 1904 1261 1973 transtulit.

95 1988 235 2058 2⁰Unde
259 1988 303 2053 dii
331 1997 365 2053 et
395 1986 509 2053 lenisse
536 2007 646 2053 muros
673 1997 706 2053 et
728 1988 841 2054 offensi
864 2010 937 2055 esse
956 1985 1115 2056 dieantur.
1156 1990 1262 2081 Hujus

138 2075 234 2143 etiam
255 2074 336 2139 filius
356 2070 525 2159 Messapus
546 2070 650 2138 dietus
679 2081 746 2152 est,
780 2073 855 2175 quia
883 2094 943 2163 per
962 2095 1052 2140 mare
1074 2071 1118 2140 ad
1138 2074 1261 2143 Italiam

138 2161 230 2228 venit.
281 2156 345 2232 Qui
382 2156 476 2223 etiam
512 2156 741 2224 invulnerabilis
769 2156 875 2225 drottrs
903 2168 970 2239 est,
1006 2157 1081 2247 quia
1106 2168 1261 2251 nusquam

139 2246 219 2313 bello
241 2242 342 2334 periit
386 2240 482 2317 Quod
498 2264 573 2310 vero
593 2242 762 2310 fluviorum
780 2242 898 2311 dieitur
916 2266 983 2324 rex,
1005 2264 1100 2311 nemo
1120 2247 1263 2321 miratur,

139 2355 236 2485 quarn
258 2341 291 2395 et
310 2326 407 2417 ipsius
427 2350 531 2431 aquae
551 2328 630 2409 sint,
664 2338 698 2395 et
722 2327 912 2431 inoregnum
931 2328 1017 2419 ejus,
1039 2328 1074 2397 id
1094 2339 1146 2397 ost
1164 2346 1283 2405 mare·

95 2411 1068 2590 ¹⁵mttlffitnbblltullnttlltqtbltf‘it
1081 2414 1263 2589 tutti

135 2608 273 2676 rumque
305 2584 337 2650 in
370 2605 526 2651 aomnum
555 2582 786 2653 similitudinem
813 2594 959 2655 narratas
988 2584 1148 2675 ceruimus
1167 2586 1263 2679 ripas,

136 2674 202 2743 sira
221 2681 353 2762 propter
372 2670 526 2759 impetum
544 2691 710 2758 aquarum.

542 2882 582 2961 6.
636 2886 854 2965 Pluto.

97 3022 133 3071 ³⁰
226 3013 256 3080 1.
298 3012 456 3089 Quartum
475 3014 606 3087 Saturni
633 3018 730 3086 filium
750 3015 922 3083 Plutonem
939 3014 1057 3085 rolant.
1097 3016 1199 3085 Hune
1216 3016 1262 3084 in·

139 3100 431 3203 ferorumregem,
459 3112 616 3172 terrarum
638 3102 782 3170 videlieet
805 3102 983 3190 praesulem
1005 3108 1138 3193 ponunt.
1177 3104 1263 3169 Eum

139 3188 261 3251 Statius
291 3200 324 3251 ra
352 3186 521 3291 Thebaide
551 3202 583 3256 et
615 3200 753 3257 satorem
782 3208 890 3255 rerum
919 3200 1012 3293 vooat
1041 3198 1075 3254 et
1093 3188 1261 3267 unionem,

139 3270 230 3422 rr
245 3271 402 3423 “tram
422 3285 626 3462 rrum
645 3275 1260 3461 ¹ss¹ntnrnrrunnnrn

19 3498 23 3507 ·
96 3452 290 3594 ”libbi
306 3441 500 3596 tillut
514 3445 613 3597 ibt:
633 3441 856 3596 blindai
877 3441 1148 3597 pqqpmqanq
1176 3440 1260 3595 ‘llil
1300 3519 1303 3531 ·

132 3550 170 3675 ill
191 3612 309 3680 mundo
331 3613 405 3679 nibil
424 3613 546 3682 inferno
568 3616 609 3682 ait
629 3613 749 3681 dinus.¹
774 3612 838 3686 Qui
866 3637 964 3703 quum
992 3578 1098 3680 omdia
1119 3553 1259 3705 reoilnial.
1299 3608 1303 3682 l

138 3718 312 3797 npmqnam
340 3711 445 3767 tamen
474 3711 644 3768 saturatur.
683 3696 856 3800 ludebat,
884 3696 970 3787 qood
990 3697 1075 3765 idem
1096 3697 1177 3768 deus
1199 3702 1259 3767 Ve-

140 3782 228 3866 drus,
260 3786 294 3852 id
323 3796 372 3853 eat
400 3784 516 3851 malua
544 3786 639 3889 deatq⁴
666 3795 699 3852 et
721 3784 868 3887 ymerio,
902 3784 936 3850 id
958 3794 1008 3851 est
1029 3782 1147 3882 nialus
1166 3785 1260 3889 lovis,
1288 3882 1291 3887 Ι

98 3867 601 4045 ⁴⁰53l⁹llll¹¹3tl¹tlltlb
621 3870 1258 4034 ,bitallilt‘iztttttttlb

139 4042 292 4128 supplicio
320 4051 353 4110 et
384 4041 527 4108 examina
556 4039 765 4131 dimissurum
807 4038 993 4107 Secundam
1023 4038 1163 4106 'l'ulliam
1186 4060 1256 4108 varo

139 4126 213 4193 ideo
236 4127 331 4196 Pluto
351 4125 437 4195 dives
458 4125 590 4203 dicitur,
619 4125 705 4214 quod
725 4127 755 4192 in
777 4135 880 4193 terras
900 4123 1044 4193 recidant
1072 4134 1106 4193 et
1134 4124 1177 4191 da
1196 4138 1255 4195 ter·

140 4212 182 4281 ris
204 4214 344 4282 oriantur
363 4212 518 4285 univorsa.
558 4210 717 4285 Tenebris
746 4210 957 4283 aeternalibus
977 4210 1051 4279 ideo
1077 4206 1255 4299 deputatur,
1283 4232 1289 4247 ·

165 4375 221 4426 A·
