2684 4606
144 78 300 235 ‘200⁸-
406 116 689 245 Mytbogrdll.
761 141 802 216 8.
858 128 1009 221 1-3.
1128 208 1136 216 .
1229 155 1233 163 ’

574 327 615 402 8.
670 310 879 429 Apollo.¹

235 465 263 528 l.
299 462 440 533 Primum
455 464 543 531 Joris
563 463 660 535 filium
683 463 856 553 Apollinem
876 457 990 529 volunt.
1036 462 1134 530 Hunc
1159 461 1286 532 diversis

42 581 45 586 ·
149 549 325 621 nominibus
356 562 539 638 noncupant
566 563 598 618 et
632 552 691 618 sub
714 550 804 615 variis
826 549 1126 637 significationibus¹
1142 550 1287 639 l'requen-

150 635 269 700 tissime
292 647 420 723 ponunt.
467 637 605 704 'Dicitur
627 635 754 725 Apollo,
789 632 823 699 id
846 647 894 702 est
911 634 1060 722 perdens
1089 636 1156 700 sire
1177 647 1288 700 exter-

127 721 311 800 smirnos,
357 719 443 808 quod
479 746 537 789 suo
574 720 681 789 calore
720 742 829 787 ornnes
867 721 1040 793 barbarum
1072 731 1105 786 et
1138 721 1319 809 arborum·¹

152 805 300 872 humores
331 807 449 894 pellere
480 807 634 875 videatur.
696 807 822 874 Dicitur
850 805 986 896 Pythius
1009 803 1063 889 ,vet
1093 828 1112 870 a
1143 805 1288 894 Pythone

152 913 203 955 ser
228 903 317 969 ente,
340 889 434 980 qudm
457 893 633 960 secondum
657 892 794 959 fabulam
816 914 891 958 mox
913 903 1005 958 natus
1027 890 1206 969 interfecit,
1228 893 1290 959 sire

153 998 178 1069 a
197 914 326 1042 dlrueco
351 981 447 1043 verbo
469 974 585 1061 ardun,
606 978 693 1067 quod
717 979 895 1064 interrogo
922 977 1291 1129 interpretatur'lipsum
1317 1002 1321 1011 ·

154 1062 235 1126 enim
270 1062 513 1151 interrogabant
545 1076 579 1130 et
608 1061 848 1147 consulebant),
900 1063 971 1128 sive'
1004 1053 1140 1147 priseos,
1178 1085 1188 1126 ι
1242 1075 1291 1132 'est

112 1142 439 1234 tofldem.affir·ens.
474 1148 568 1216 Unde
590 1161 623 1217 et
635 1149 815 1239 Pythonem
833 1147 959 1233 sagittis
976 1146 1108 1234 fingitur
1122 1147 1291 1230 occidisse,

155 1231 242 1317 quod
274 1234 375 1299 omnis
415 1234 493 1301 falsa
524 1234 711 1314 credulitas,
752 1254 811 1322 per
838 1235 988 1302 tenebras
1010 1245 1098 1312 orn,
1130 1233 1291 1301 radiorum

47 1360 54 1369 -
96 1361 105 1379 -.
155 1316 224 1404 ejus
249 1316 376 1403 fulgore
398 1318 599 1404 destruatur;
634 1315 744 1388 πειθώ
765 1339 902 1404 namque
923 1315 1116 1383 credulitas
1138 1320 1292 1409 interpre·
1321 1346 1327 1379 ·.

156 1413 250 1466 tator:
307 1404 364 1469 Sol
386 1407 564 1473 secundum
594 1405 733 1473 Tullium
753 1403 886 1481 dicitur,
929 1404 975 1469 rel
1008 1402 1083 1488 quin
1123 1406 1221 1469 solus
1255 1424 1292 1471 ex

156 1489 301 1554 omnibus
324 1488 480 1559 sideribus
504 1503 610 1560 tantus
639 1503 705 1573 est,
745 1489 793 1554 vel
814 1490 904 1576 quia,
939 1510 1037 1578 quum
1071 1498 1122 1554 cst
1153 1502 1291 1570 eronus,

117 1573 251 1641 rsstetts
273 1575 419 1643 omnibus
442 1578 638 1658 obscuratis,
655 1567 770 1644 fsolns
793 1583 934 1662 apparet
984 1571 1110 1656 Dicitur
1131 1574 1255 1665 Lycius
1274 1598 1293 1641 a

156 1658 258 1747 Lycio
297 1661 371 1725 lano
410 1664 495 1752 apud
525 1662 630 1729 Delon
658 1661 811 1742 maxim03
852 1657 937 1724 unde
961 1658 1132 1745 Virgilius:
1187 1660 1315 1727 Nunc.

156 1780 198 1791 -
220 1745 352 1832 Lycios
372 1783 415 1795 -
436 1761 544 1814 sortes
551 1773 564 1828 3
586 1749 652 1815 sire
673 1771 692 1828 a
711 1740 808 1835 iringo,
834 1744 868 1810 id
890 1754 939 1810 est
959 1743 1050 1832 lupo.
1094 1744 1191 1811 Sicut
1214 1746 1293 1813 enirn
1322 1810 1327 1819 ,

88 1856 91 1863 ⁸
156 1828 247 1916 lupus
269 1853 387 1918 pecora
408 1830 575 1914 dilacerat,
612 1834 658 1900 sic
687 1833 812 1897 fervore
833 1854 893 1897 suo
923 1851 1048 1895 omnem
1079 1829 1126 1897 sol
1155 1832 1293 1898 exsiccat

58 1996 61 2001 Ι
156 1913 332 1999 humorem.
376 1918 463 1984 Hinc
487 1929 521 1985 et
541 1919 623 1996 Pau,
645 1917 700 2006 qui
722 1917 826 1981 orium
845 1915 961 1981 dicitur
981 1913 1070 2004 deus,
1093 1914 1182 2004 quod
1205 1916 1293 2005 lup'os

115 1998 440 2077 sustentarunt,
474 2004 623 2093 Lycaeus
646 2001 828 2092 appellatur.
882 2001 984 2092 Cujus
1011 1999 1087 2089 quia
1116 2025 1198 2068 casu
1220 2001 1293 2068 leci·

158 2107 227 2150 mus
261 2087 471 2167 mentionem,
516 2091 643 2157 brevem
680 2110 740 2153 uec
771 2085 909 2154 inutilem
944 2085 986 2151 de
1021 2107 1060 2150 eo
1090 2087 1315 2176 subjiciamus·

159 2169 401 2256 digressionem.
459 2182 462 2191 “
724 2189 727 2195 ’
1271 2200 1281 2210 “

242 2274 272 2337 2.
317 2275 387 2341 Pan
421 2272 537 2372 igitur,
578 2286 614 2343 ut
647 2274 725 2346 dicit
760 2275 884 2350 Varro,
926 2273 981 2362 qui
1013 2270 1148 2341 deorum
1182 2284 1318 2343 tractat·

158 2368 348 2446 potestates·
361 2371 394 2427 et
422 2369 568 2442 naturas,
602 2358 683 2431 deus
726 2371 775 2428 est
812 2370 961 2439 naturae,
1005 2370 1038 2428 et
1068 2360 1302 2447 interpretatur¹

116 2449 266 2508 monins.
310 2445 421 2511 Habet
443 2447 526 2513 enim
548 2468 669 2514 cornua
690 2446 732 2519 ad
763 2446 925 2513 radiorum
948 2443 1021 2513 solis
1043 2455 1076 2512 et
1097 2444 1194 2512 lunae
1214 2444 1292 2514 simi·

46 2572 51 2583 ·
157 2526 330 2596 litudincm.
387 2529 499 2599 llnbet
530 2531 598 2621 ejus
628 2533 727 2600 facies
756 2531 799 2598 ad
821 2530 958 2598 aetheris
990 2530 1210 2599 imitationem.
1260 2530 1307 2601 ln·

157 2626 291 2765 pectore
325 2615 489 2683 nebridem
527 2617 625 2686 habet
654 2619 807 2686 stellatam
839 2615 881 2684 ad
917 2615 1078 2683 stellarum
1115 2615 1292 2706 imaginem

190 2722 241 2764 ars
264 2701 331 2788 ejus
353 2701 484 2769 interior
506 2701 628 2792 bispida
651 2715 700 2771 est
722 2713 853 2792 propter
868 2703 1012 2783 arbores,
1035 2702 1183 2789 virgulta,
1207 2703 1294 2769 feras.

36 2804 42 2823 s
135 2786 319 2870 ‘Caprinos
342 2788 440 2856 habet
474 2789 575 2877 pedes
597 2801 728 2878 propter
758 2798 865 2858 terrae
889 2787 1088 2854 soliditatem·
1141 2786 1307 2859 Fistutan'

118 2872 246 2954 cogerit
267 2872 330 2938 Vll
351 2874 544 2940 calamorum
578 2888 710 2963 propter
736 2873 932 2941 harmoniam
955 2874 1051 2953 caeli3
1085 2869 1294 2961 καλαύροπα,

160 2954 193 3019 id
215 2969 264 3022 est
282 2959 429 3044 pedum,
466 2969 600 3048 propter
621 2983 756 3049 annum,
793 2960 898 3048 quiin
920 2984 956 3027 se
977 2960 1144 3026 recurrit·
1165 2961 1215 3026 Ab
1237 2958 1295 3025 hoc
1318 2966 1322 2973 '

161 3052 286 3106 constat
308 3042 561 3111 diversom‘esso
582 3046 761 3126 Silvanum,
793 3069 890 3133 quem
920 3057 1026 3113 tamen
1049 3044 1176 3133 publica
1199 3042 1294 3111 caeri-

160 3128 337 3194 moniarum
373 3130 480 3216 opinio
517 3154 671 3220 pecorum
688 3133 803 3200 babet
838 3143 870 3198 et
897 3153 1049 3220 agrorum
1072 3154 1163 3198 -esse
1196 3129 1312 3203 teum.

161 3211 392 3283 Prudentiorcs
416 3217 499 3282 enim
522 3241 594 3284 eum
612 3219 722 3286 dicunt
737 3241 809 3285 esse
830 3214 928 3301 airino,
953 3240 1048 3320 quam
1062 3216 1192 3282 silvam
1205 3218 1303 3285 inter·.

119 3312 154 3362 aa
163 3310 324 3384 pretatur,
345 3299 378 3366 id
402 3313 451 3371 est
473 3302 718 3385 elementorum,
741 3315 778 3370 ut
797 3301 861 3369 vult
882 3304 1033 3378 Seruus,
1058 3301 1193 3380 laecem,
1217 3299 1298 3367 unde

161 3398 277 3451 cuneta
300 3399 525 3472 procreantur,
559 3413 653 3479 quam
682 3387 769 3477 ὕλην
786 3387 893 3455 Latini
927 3388 1091 3473 materiam
1116 3386 1299 3477 appeltam
1318 3388 1326 3439 '-

161 3481 243 3538 runt.
287 3471 339 3538 De
361 3470 409 3539 bis
430 3474 594 3551 hactenus,
1228 3478 1232 3485 '

244 3584 275 3650 3.
318 3585 446 3653 Dicitur
468 3588 579 3677 Apollo
601 3588 731 3666 Delios,
768 3583 801 3650 id
824 3596 874 3652 est
893 3581 1107 3660 declaratio,
1144 3581 1235 3672 quod
1256 3580 1322 3651 sol-

39 3744 42 3749 ,
163 3671 269 3736 omnia
301 3668 471 3751 illuminat,
510 3674 576 3741 sire
597 3697 616 3741 a
638 3673 720 3745 Delo
741 3669 861 3748 insola,
896 3669 927 3733 in
950 3690 1013 3756 qua
1034 3669 1168 3758 lingitur
1201 3680 1301 3739 natus.

121 3754 216 3820 4⁰De
238 3756 327 3846 cujus
359 3757 521 3827 nativitate
550 3759 708 3838 tabulam,
744 3758 819 3844 quio
848 3753 934 3842 apud
964 3753 1120 3822 ulios-est
1152 3758 1321 3835 obscura·

162 3841 271 3906 censui
294 3842 535 3927 apponendam,
575 3858 609 3913 et
632 3856 667 3913 ut
687 3855 754 3912 tota
783 3852 834 3909 res
865 3839 1039 3907 evidentior
1072 3843 1147 3914 liat,
1189 3843 1230 3907 ab
1259 3840 1303 3907 uls

162 3925 233 3993 tiori
255 3925 476 3996 inchoandam.
527 3931 615 4000 Ceus
643 3932 688 4017 ita
713 3951 754 3995 ne
783 3929 887 4013 Gigas
916 3924 995 3992 filias
1026 3925 1107 3993 duas
1128 3925 1325 4015 pulcherri·

162 4034 230 4077 mas
266 4009 400 4096 habuit,
445 4017 591 4085 Asterien
630 4029 665 4086 et
733 4024 870 4081 atonam.
923 4010 1005 4078 Post
1047 4013 1189 4080 vitiatam
1227 4034 1315 4080 vero.

163 4095 321 4162 Latonam
377 4123 452 4168 uum
486 4101 555 4191 ejus
588 4103 686 4171 etiarn
717 4122 860 4168 sororem
894 4098 1039 4164 Asterien
1068 4099 1192 4165 vitiare'
1213 4098 1313 4167 vellet

117 4201 153 4248 ss
161 4180 329 4270 luppiter,
351 4124 403 4253 dra
421 4188 542 4278 optarit
561 4213 582 4258 a
599 4188 680 4271 diis,
702 4200 738 4258 ut
757 4185 790 4254 in
812 4207 903 4253 orem
926 4193 1177 4266 converteretur,
1199 4206 1307 4258 versa·
