2684 4606
133 161 246 241 -raa
304 220 308 229 .
417 156 601 281 mymp.
629 160 701 236 ιιι.
755 159 796 251 a.
851 132 1078 243 aa-‚as'

47 342 50 347 ’
165 351 278 421 ordine
298 348 453 430 dieitur,-
482 345 547 413 uod
570 346 686 413 nullam
706 347 878 416 observans
899 346 1105 436 dignitatem,
1136 349 1212 417 nulll
1231 370 1302 442 par-

50 504 54 509 .
165 461 242 506 aens
262 438 374 516 aetati,
395 369 612 503 indiderenter
633 433 739 498 omnia
760 434 801 500 ad
822 458 859 501 se
880 437 984 504 trahit.

247 523 300 590 24.
341 522 394 589 De
411 519 547 608 geminis
562 520 754 585 somniorum
773 522 882 607 portis,
903 521 1003 591 altera
1023 543 1183 605 verorum,
1204 522 1302 607 altera
1326 578 1332 597 ,

164 609 334 685 salsorum,
363 629 443 695 quas
476 604 563 692 apud
591 605 710 671 inferos
740 606 975 689 constituimus,
1003 607 1204 711 philosophia
1221 609 1321 677 baeo·

136 696 282 765 ⁶babet¹
311 694 378 760 Per
399 702 541 781 portam,
568 690 684 778 inquit,
713 706 861 757 corneam
883 692 967 759 onuli
986 695 1228 781 significantur,
1249 694 1301 783 qui

160 793 196 859 et
225 779 333 847 cornei
362 790 437 845 sunt
467 776 582 842 eoloris
611 787 643 842 et
671 777 786 843 ueteris
811 779 959 845 membris
981 778 1126 847 duriores
1134 802 1147 858 3
1183 779 1237 868 qui
1310 788 1318 857 l

160 868 216 955 qui
233 889 294 932 neo
315 863 419 950 lrigus
439 864 594 937 sentiunt,
614 862 699 927 sieut
719 863 836 928 Cicero
857 864 889 928 in
909 864 989 931 libro
1011 864 1052 932 de
1072 865 1221 932 Deorum
1269 862 1316 933 a·'

160 964 235 1021 tura
260 961 405 1020 testatur.
458 949 525 1015 Per
560 949 732 1013 eburneam
767 971 842 1014 vero
874 963 999 1037 portam
1033 974 1069 1017 os
1101 950 1300 1038 significatur

81 1074 84 1079 ·
161 1061 236 1104 eam
258 1036 416 1105 dentibus.
444 1034 570 1100 Scimus
592 1042 709 1112 autem,
729 1032 816 1119 quod
839 1056 923 1123 quae
942 1036 1109 1125 loquimur,
1130 1038 1213 1105 falsa
1230 1060 1324 1107 esau·

120 1134 311 1213 topossunt,
341 1144 381 1186 ee
408 1141 484 1185 vero
504 1140 588 1207 quae
608 1117 768 1197 ridemus,
795 1121 931 1187 maxime
950 1146 1026 1190 vera
1046 1132 1131 1190 sunt
1171 1122 1299 1193 Idoiroo

160 1216 303 1291 Aeneas,
332 1206 385 1295 qui
413 1205 540 1296 politiae
567 1214 600 1271 et
620 1205 652 1270 in
672 1204 829 1272 infernum
849 1207 1046 1277 intromissus
1069 1221 1138 1288 est,
1170 1220 1204 1276 et
1226 1210 1300 1277 indo

159 1296 311 1373 emissus,
344 1314 404 1382 per
431 1294 604 1357 eburneam
632 1301 757 1380 portam
784 1313 934 1378 egressus
960 1305 1018 1361 est.
1060 1293 1122 1361 Est
1147 1302 1182 1363 et
1203 1294 1298 1377 aliud,

158 1381 248 1468 quod
268 1379 344 1446 inde
365 1378 506 1446 sumitur.
549 1378 714 1443 Somnium
744 1378 885 1445 norimus
909 1401 981 1445 cum
1005 1402 1105 1446 cornu
1127 1379 1235 1468 pingi3
1265 1395 1298 1451 et

92 1464 100 1477 “
159 1469 212 1554 qui
243 1466 286 1532 de
313 1464 442 1533 somniis
468 1464 644 1615 scripsere,
678 1485 718 1528 ea
745 1481 835 1550 ‘quae
869 1464 1045 1533 seeundum
1074 1467 1238 1534 fortunam
1266 1476 1298 1535 ot

116 1565 152 1616 xo
181 1575 217 1619 er
236 1550 471 1641 possibilitatem
492 1551 519 1616 ri
545 1562 654 1627 entur,
671 1549 823 1615 effeetum
842 1550 1025 1639 saepissime
1044 1551 1297 1621 beberediount.

156 1577 203 1705 ldt
225 1637 321 1718 haee,
357 1637 461 1727 ajunt,
489 1636 555 1703 visa
573 1646 647 1701 sunt
669 1638 787 1715 eornu3
821 1633 908 1701 unde
928 1659 1074 1704 verorum
1096 1659 1218 1705 oornea
1238 1638 1326 1706 lin.

51 1722 55 1727 ’
156 1725 245 1811 gitur
264 1735 357 1812 porta
378 1721 580 1789 somniorum.
622 1720 674 1786 Ea
692 1742 785 1799 vero,
813 1744 898 1808 quae
925 1736 999 1790 sunt
1019 1745 1116 1812 supra
1134 1722 1295 1793 fortunam
1324 1730 1331 1761 ¹

157 1820 191 1876 et
218 1810 345 1876 nimium
376 1818 523 1875 ornatum
548 1806 730 1894 variamque
750 1804 869 1874 habent
892 1807 1089 1895 jactantiam,
1121 1809 1203 1878 salsa
1224 1832 1295 1879 osae

157 1895 355 1961 confirmant
409 1891 506 1959 Unde
533 1892 675 1963 eburnea
697 1891 788 1978 qnasi
808 1894 949 1960 ornatior
971 1907 1064 1982 porta
1085 1893 1172 1963 falsis
1191 1895 1295 1965 datur.

112 1978 355 2070 tloPorphyrius
373 1989 479 2045 tamen
501 2000 612 2044 earum
633 1975 878 2063 descriptionem
900 1991 1080 2066 portarum,
1101 1992 1138 2049 ut
1154 1983 1205 2050 ait
1224 1982 1294 2049 Ma·
1323 2012 1327 2027 ·

154 2067 294 2141 erobius,
310 2068 351 2132 ab
370 2066 515 2131 Homero
536 2062 686 2131 traditam
708 2062 799 2129 latius
821 2073 854 2131 et
875 2065 965 2132 aliter
984 2066 1161 2155 exequitur.
1195 2068 1294 2137 Latet

154 2152 255 2232 enim,
284 2152 401 2240 inquit,
435 2172 529 2215 omne
550 2170 678 2227 vernm3
706 2147 765 2214 sed
787 2159 892 2216 tamen
915 2153 1019 2219 anima
1039 2175 1136 2241 quum
1159 2156 1201 2221 ab
1222 2154 1293 2221 olli·

154 2237 211 2303 oiis
226 2240 377 2326 eorporis
398 2259 509 2304 somno
531 2234 600 2323 ejus
620 2234 783 2323 paululum
797 2234 895 2302 libera
915 2248 974 2314 est,
995 2238 1156 2307 interdum
1170 2241 1293 2329 aspicit,
1307 2264 1331 2303 .·

20 2382 26 2402 Ι
152 2323 311 2390 interdurn
331 2323 464 2390 intendit
484 2321 603 2401 aciem,
625 2343 687 2388 neo
708 2332 815 2387 tamen
833 2322 992 2411 peryidet3
1012 2335 1044 2390 et
1056 2348 1156 2410 quum
1167 2327 1291 2415 aspicit,

87 2416 217 2480 'annon
237 2421 344 2477 tamen
364 2411 463 2476 libero
487 2421 520 2476 et
541 2406 665 2474 directo
684 2406 801 2473 lumine
823 2405 917 2486 ridet,
943 2407 1002 2475 sed
1021 2410 1188 2478 inter'eoto
1211 2412 1293 2480 vela-

151 2496 253 2576 mine,
282 2496 369 2585 qnod
389 2518 489 2562 nexus
509 2504 642 2562 naturae
663 2492 829 2579 caligantis
850 2493 992 2562 obduxit.
1031 2495 1077 2564 Et
1096 2435 1166 2565 lnoo
1184 2497 1219 2567 in
1236 2521 1292 2567 na-

150 2592 225 2649 tura
245 2583 395 2671 Virgilius
414 2605 486 2649 esse
507 2580 637 2660 asserit,
667 2578 795 2647 dicens:
1329 2582 1332 2665 J

234 2667 383 2755 Aspice3
417 2691 567 2756 namque
593 2688 743 2738 omnem,
775 2687 864 2754 quae
889 2688 983 2731 nune
1005 2662 1154 2732 obducto
1175 2668 1293 2737 tuenti
1315 2714 1318 2719 ·

234 2754 407 2819 Mortales
425 2751 563 2818 hebetat
581 2750 679 2816 visus
700 2747 784 2830 tibi,
814 2761 850 2816 et
869 2749 1016 2817 humido
1036 2750 1172 2819 circam

108 2856 147 2907 oo
237 2837 400 2925 catiger,
429 2836 554 2902 nubem
576 2833 727 2920 eripiam
756 2868 866 2883 —-

122 2921 225 3002 ,Hoo
253 2923 395 2990 velamen
423 2944 519 3010 quum
544 2922 576 2987 in
598 2919 704 3007 quiete
724 2943 829 3008 usque
849 2919 891 2986 ad
911 2942 1021 2988 verum
1042 2920 1145 2991 aciem
1165 2922 1291 2991 animae

146 3007 390 3098 introspicientis
411 3007 564 3089 admittit,
594 3007 637 3072 de
667 3028 768 3073 oornu
790 3004 949 3087 ereditur,
979 3006 1071 3096 nujus
1091 3009 1154 3077 ista
1173 3021 1290 3079 notura

147 3104 215 3174 est,
253 3107 289 3162 nt
322 3104 485 3162 tenuatum
520 3092 599 3159 risui
631 3092 688 3160 fiat
715 3093 866 3181 pervium.
907 3092 1014 3167 Quum
1042 3106 1150 3163 autem
1172 3118 1194 3163 a
1212 3118 1310 3165 vero·

137 3179 279 3257 ¹hebetat
307 3202 347 3247 ao
375 3178 498 3266 repellit
520 3178 683 3261 intuitum,
711 3181 791 3245 ebur
811 3189 958 3267 putatur,
990 3178 1080 3267 eujus
1101 3204 1223 3270 eorpus
1242 3182 1289 3253 ita
1329 3218 1332 3251 ε

104 3264 282 3337 todensum
315 3274 364 3331 est
392 3278 524 3346 natura,
556 3275 593 3333 ut
622 3263 664 3331 ad
694 3266 835 3354 quamvis
864 3265 1095 3333 extremitatem
1115 3270 1288 3344 ltonuitatis
1328 3278 1332 3349 ῑ

147 3374 291 3430 erasum,
312 3350 395 3416 nullo
417 3351 485 3418 visu
505 3351 548 3418 ad
564 3351 714 3418 interiora
733 3348 901 3432 tendente,
930 3363 1123 3439 penetretur.
1156 3354 1288 3423 Nubem
1327 3356 1332 3417 l

146 3451 256 3505 autom
282 3435 365 3502 illam
394 3438 524 3504 Servius
552 3436 698 3502 nebulam
726 3434 769 3502 de
791 3437 884 3503 terris
906 3448 1027 3517 ortam,
1058 3460 1142 3525 quae
1168 3441 1286 3509 nostris
1329 3424 1332 3467 ³

146 3524 229 3590 obsit
246 3523 426 3603 obtutibus,
448 3522 594 3610 relinquit
611 3521 750 3611 intelligi.
793 3522 906 3599 Unde,
925 3523 1043 3612 inquit,
1064 3525 1189 3612 aquila,
1235 3527 1285 3595 uia

147 3631 244 3697 supra
264 3608 411 3675 nebulam
433 3622 499 3690 est,
520 3609 591 3713 plus
616 3606 710 3675 videt.
746 3609 877 3674 Somnia
898 3632 979 3675 vane
998 3611 1059 3676 sub
1081 3611 1162 3679 loliis
1186 3551 1285 3681 relert

104 3696 281 3767 eohaerere
297 3695 458 3784 Virgilius,
480 3719 554 3783 qma
576 3695 630 3784 qui
651 3693 693 3761 do
708 3695 837 3762 somniis
851 3707 1039 3774 tractarunt,
1061 3719 1125 3783 quo
1138 3709 1285 3791 tempore

147 3779 221 3847 lolia
243 3780 285 3848 de
307 3783 474 3850 arboribus
498 3781 634 3861 cadunt,
665 3805 745 3848 vana
766 3784 983 3849 esse-somnia
1003 3780 1159 3851 dixerunt
1319 3844 1322 3849 .

228 3868 280 3935 25.
324 3870 455 3936 Somnia
475 3880 509 3935 et
522 3870 690 3958 Soporem,
710 3867 834 3935 Bellum
855 3881 888 3935 et
903 3869 1078 3948 Timorem,
1097 3869 1238 3937 Luctum
1252 3878 1284 3937 et

144 3952 349 4041 Egestatem,
371 3968 544 4044 ceteraque
570 3954 847 4032 similie,-.aditum
869 3953 981 4022 dieunt
1000 3956 1145 4023 obtinere
1164 3957 1282 4023 iniero·

31 4094 35 4101 .
142 4060 232 4118 ιιιιιι;
265 4042 351 4129 quod
373 4044 455 4109 haee
475 4052 532 4109 aut
552 4041 646 4107 morti
666 4041 767 4108 vicina
788 4039 951 4122 videntur,
979 4053 1035 4108 ant
1055 4055 1281 4132 postmortem

102 4139 312 4209 increentur,
346 4141 403 4197 aut
429 4130 460 4195 in
491 4139 596 4196 morte
623 4140 708 4194 sunt.
749 4127 796 4192 Et
824 4127 936 4197 merito
966 4127 1053 4215 apud
1079 4130 1200 4197 inferos
1222 4132 1281 4196 ista

134 4234 211 4280 esse
225 4214 412 4304 linguntur,
431 4215 507 4306 quia
527 4214 560 4283 in
582 4235 678 4306 quern
697 4212 759 4279 ista
780 4212 910 4295 uadunt,
928 4212 969 4281 sit
991 4215 1132 4327 moptalis
1148 4220 1279 4285 necesse
1299 4288 1303 4315 Ι
