2684 4606
299 923 339 1031 ‚i
487 908 660 1025 miorrrr
696 918 832 1023 trano
887 918 890 924 ¹
1011 916 1014 921 Ι

143 1036 1300 1170 runronrsruruosornis>

243 1261 292 1330 tn
312 1217 409 1346 ouo
429 1263 729 1333 uonrrnsrun
749 1262 919 1332 rorrus
939 1252 1080 1331 onms

208 1411 210 1416 -
508 1368 804 1464 nnsonmmo.
944 1370 950 1379 ¹

174 1614 207 1675 1.
253 1609 334 1676 Post
363 1636 477 1678 omnes
507 1614 769 1695 admonitiones,
804 1621 885 1714 quas
916 1611 980 1677 tibi
1010 1611 1234 1678 commendavi

85 1695 128 1758 dc
148 1696 260 1762 studio
279 1699 363 1764 vitae
384 1709 482 1781 tuae,
505 1700 674 1766 carissime
695 1699 745 1765 fili
756 1745 767 1781 ‚
787 1696 952 1786 incipiens
983 1696 1011 1789 ¹)
1038 1723 1136 1777 ,nunc
1158 1698 1236 1764 volo

85 1781 150 1844 tihi
170 1778 336 1872 erponere
356 1786 510 1850 historias
530 1785 720 1891 plurimam}
736 1805 874 1874 quarum
893 1783 1033 1873 ipsemet
1056 1785 1087 1876 a)
1106 1783 1151 1849 oli
1198 1807 1236 1850 aa

85 1867 177 1950 vidi,
213 1880 337 1935 ceteras
366 1895 444 1936 vero
479 1872 519 1936 al)
552 1873 691 1950 eruditis
709 1871 856 1954 {auditas
887 1871 1044 1960 percepi,
1077 1807 1234 1961 quaddiam

85 1953 231 2021 lectione
253 1955 367 2021 didici.
412 1955 503 2023 Haec
531 1958 632 2048 igitur
653 1956 807 2023 sensibus
828 1959 1133 2046 comprehendens,
1163 1981 1235 2023 uon

86 2038 196 2104 solum
218 2042 320 2106 muita
341 2041 436 2107 utilia
455 2043 705 2137 eognoscesxb),
737 2044 797 2108 sed
826 2043 923 2108 etiarn
952 2065 1068 2109 ornare
1104 2066 1138 2109 sa
1164 2043 1233 2109 ien-

85 2125 166 2189 tiam
189 2151 231 2192 ex
253 2128 482 2194 huiuscemodi
504 2154 614 2194 rerum
634 2129 853 2205 varietatibus
863 2130 1080 2217 praevalebis.
1126 2065 1234 2213 (guae-
1293 2124 1300 2169 ⁹>

85 2223 198 2275 rentes
227 2224 336 2278 autem
365 2216 531 2299 scribere,
565 2215 722 2280 dehemus
745 2212 855 2279 dicere
876 2215 1034 2303 primum,
1055 2216 1237 2304 'quomodo

85 2298 231 2363 mundus
266 2316 284 2362 a·
312 2299 385 2365 Deo
415 2301 516 2366 fuerit
546 2301 735 2364 institutus:
775 2299 895 2365 dehinc
925 2324 1021 2390 quac¹
1040 2310 1154 2391 gentes
1177 2301 1233 2365 'ab
1274 2316 1277 2323 “

86 2384 215 2448 oriente
257 2382 377 2474 usque'
400 2388 442 2452 ad
478 2387 681 2452 occidentem
715 2387 911 2452 constitutae
945 2387 1033 2451 sint:
1067 2396 1144 2475 post
1169 2387 1234 2452 hoe

85 2480 209 2559 quanta
231 2471 300 2535 sint
319 2496 439 2559 genera
460 2473 692 2537 barbarorum:
716 2472 835 2537 deinde
856 2497 986 2537 omnem
1007 2471 1232 2539 Romanorum

84 2569 234 2621 terrum:
268 2568 349 2645 quot
378 2561 445 2623 sint
472 2560 620 2624 inomni
649 2558 772 2622 mundo
793 2558 1003 2662 provinciae,
1036 2559 1091 2624 vel
1117 2558 1232 2646 quales
1325 2574 1329 2593 ¹

85 2644 122 2706 in
145 2643 327 2706 substantia
347 2668 385 2709 ae
414 2655 593 2734 potestate:
628 2667 712 2748 quae
745 2644 891 2710 civitates
921 2645 956 2711 in
985 2643 1141 2734 singulis1
1156 2669 1231 2732 pro·
1307 2710 1315 2723 x

85 2728 205 2794 vinciis
228 2729 430 2796 habeanturz
467 2741 500 2799 et
528 2731 611 2820 quid
639 2755 675 2796 m
704 2755 902 2820 unaquaque
921 2729 1091 2820 provincia
1111 2741 1170 2794 aut
1187 2730 1234 2797 ci·.
1319 2734 1323 2744 ⁸

85 2815 185 2880 vitate
199 2816 313 2965 possit
327 2815 355 2905 c)
379 2842 450 2881 esse
471 2819 583 2906 praeci
608 2841 707 2882 uum:
732 2819 926 2884 munificum
948 2816 1036 2882 enim
1057 2819 1122 2882 hoc
1146 2840 1230 2907 opus

86 2912 121 2966 ct
145 2911 197 2966 stu
222 2900 329 2966 iosum
350 2904 432 2967 mihi
451 2928 526 2968 csse
546 2842 688 2970 videtur.
1090 2932 1093 2942 ·
1181 2937 1184 2944 ¹

169 3018 205 3080 2.
251 3016 348 3082 Unde
376 3041 453 3106 crgo
482 3040 543 3080 nos
574 3026 703 3107 oportet
735 3017 903 3105 incipere,
936 3017 1003 3082 nisi
1021 3016 1050 3109 2)
1084 3019 1143 3084 ahs
1176 3018 1231 3083 Iu-

86 3103 249 3168 daeorum
280 3103 399 3168 libris?
430 3127 578 3200 natuque
607 3102 755 3170 aliarum
787 3107 938 3192 gentium
967 3105 1138 3186 historici,
1172 3103 1233 3193 qui

86 3190 127 3253 de
146 3188 199 3253 his
215 3188 359 3253 scrihere
376 3194 487 3255 costati
502 3200 594 3269 soret,
618 3191 706 3269 nihil
719 3193 887 3254 sincerum
902 3187 1013 3255 dicere
1030 3169 1230 3281 potueiuntr

86 3276 178 3339 solus
200 3286 307 3338 autem
329 3273 464 3363 Moyses
495 3276 614 3364 plenus
643 3276 839 3340 ludaeorum
872 3276 1033 3364 propheta
1061 3276 1151 3366 quod
1181 3282 1231 3340 cst

87 3372 214 3426 certum
235 3361 380 3448 scripsit.
426 3361 478 3424 Dc
500 3362 679 3449 provinciis
704 3385 782 3425 vero
804 3371 837 3426 ct
863 3362 1068 3448 temporibus
1090 3386 1230 3450 sequen·

85 3448 131 3512 tia
161 3447 246 3513 dixit
265 3446 411 3512 Berosus
433 3446 672 3514 Chaldaeorum
693 3446 912 3553 philosophus
923 3449 965 3538 ὅ),
988 3448 1083 3514 cuius
1104 3449 1231 3512 litteras

155 3670 186 3738 n)
224 3671 291 3731 cod.
311 3670 429 3722 eiusdem
452 3687 501 3739 pro
525 3669 645 3739 ipsemet.
675 3686 679 3693 “
759 3671 791 3739 b)
828 3671 894 3727 cod.
918 3669 1096 3744 cognosc-ebir,
1123 3673 1166 3739 qui
1188 3675 1229 3723 est
1270 3675 1281 3691 ·’

84 3743 188 3796 barbari
209 3744 370 3794 amanuensis
389 3745 558 3795 soloecismus
585 3745 626 3796 vel
648 3742 757 3795 incuria:
832 3744 861 3810 c)
881 3743 945 3797 Cod.
962 3754 1061 3812 potest.
1099 3788 1104 3799 ,

156 3816 187 3882 1)
223 3817 292 3868 Num
319 3814 447 3883 incipiens
468 3815 630 3869 referendum
651 3816 738 3884 potius
754 3813 787 3866 ad
802 3815 865 3882 fili,
888 3817 923 3868 ita
944 3823 973 3868 ut
994 3818 1029 3868 sit
1053 3830 1146 3869 nomen
1167 3829 1228 3881 pro-

83 3888 167 3954 prium
193 3886 357 3939 incurrans?
744 3936 745 3943 ,

155 3957 187 4024 2)
225 3959 256 4009 in
279 3975 379 4010 summo
407 3958 497 4009 codice
522 3973 612 4010 versus
631 3959 730 4024 aliquot
747 3956 852 4009 madore
878 3957 1061 4014 extabuerunt.
1095 3955 1229 4022 Ego‘igi-

86 4037 128 4079 tur
147 4032 327 4098 supplementa
349 4031 413 4081 hoec
437 4029 519 4082 adieci
541 4031 671 4080 inclinatis
697 4031 796 4083 litteris.
1096 4069 1099 4078 .
1226 4082 1231 4093 ,

155 4102 187 4166 3)
224 4102 330 4159 Berosi,
353 4103 484 4167 quivixit
513 4102 652 4152 Alexandri
682 4103 767 4166 magni
803 4100 977 4167 temporibus,
1001 4103 1133 4168 praeclaro
1151 4105 1231 4161 atque
1313 4155 1316 4162 Ι

64 4172 192 4294 'cloptona
215 4172 345 4226 chaldaici
367 4172 480 4225 chronici
494 4173 638 4240 fragmenta
658 4172 737 4260 habola
759 4173 829 4245 prud
853 4172 1000 4227 Eusebium
1025 4190 1047 4224 a
1064 4187 1112 4223 me
1137 4169 1245 4217 eduum

84 4259 170 4296 cnon
189 4245 231 4301 lit.
251 4246 272 4296 i.
758 4256 761 4261 '
