<?xml version="1.0" encoding="UTF-8"?>
<!DOCTYPE html PUBLIC "-//W3C//DTD XHTML 1.0 Transitional//EN"
    "http://www.w3.org/TR/xhtml1/DTD/xhtml1-transitional.dtd">
<html xmlns="http://www.w3.org/1999/xhtml" xml:lang="en" lang="en">
 <head>
  <title>
</title>
<meta http-equiv="Content-Type" content="text/html;charset=utf-8" />
  <meta name='ocr-system' content='tesseract 3.04.00' />
  <meta name='ocr-capabilities' content='ocr_page ocr_carea ocr_par ocr_line ocrx_word'/>
</head>
<body>
  <div class='ocr_page' id='page_1' title='image "./scriptoresrereu00bodegoog_0156.png"; bbox 0 0 2684 4606; ppageno 0'>
   <div class='ocr_carea' id='block_1_1' title="bbox 197 128 1264 315">
    <p class='ocr_par' dir='ltr' id='par_1_1' title="bbox 197 124 1264 315">
     <span class='ocr_line' id='line_1_1' title="bbox 197 128 1264 315; baseline 0.012 -63"><span class='ocrx_word' id='word_1_1' title='bbox 197 304 201 315; x_wconf 14' lang='lat' dir='ltr'>x</span> <span class='ocrx_word' id='word_1_2' title='bbox 286 128 509 288; x_wconf 45' lang='lat' dir='ltr'>seryum.</span> <span class='ocrx_word' id='word_1_3' title='bbox 535 184 588 261; x_wconf 88' lang='lat'>11.</span> <span class='ocrx_word' id='word_1_4' title='bbox 643 182 933 281; x_wconf 68' lang='lat' dir='ltr'>sss-nno„</span> <span class='ocrx_word' id='word_1_5' title='bbox 1027 182 1032 222; x_wconf 82' lang='lat'>³</span> <span class='ocrx_word' id='word_1_6' title='bbox 1111 185 1191 265; x_wconf 81' lang='lat' dir='ltr'>rao</span> <span class='ocrx_word' id='word_1_7' title='bbox 1262 245 1264 249; x_wconf 87' lang='lat'><em>.</em></span> 
     </span>
    </p>
   </div>
   <div class='ocr_carea' id='block_1_2' title="bbox 39 368 1319 1235">
    <p class='ocr_par' dir='ltr' id='par_1_2' title="bbox 39 368 1319 805">
     <span class='ocr_line' id='line_1_2' title="bbox 39 368 1193 463; baseline 0.003 -24"><span class='ocrx_word' id='word_1_8' title='bbox 39 393 166 453; x_wconf 72' lang='lat' dir='ltr'>canem</span> <span class='ocrx_word' id='word_1_9' title='bbox 178 370 429 439; x_wconf 86' lang='lat' dir='ltr'>abstrahendum</span> <span class='ocrx_word' id='word_1_10' title='bbox 451 370 679 452; x_wconf 74' lang='lat' dir='ltr'><strong>descenderet,</strong></span> <span class='ocrx_word' id='word_1_11' title='bbox 699 368 809 463; x_wconf 84' lang='lat' dir='ltr'>¹ipsum</span> <span class='ocrx_word' id='word_1_12' title='bbox 831 371 875 439; x_wconf 90' lang='lat' dir='ltr'>de</span> <span class='ocrx_word' id='word_1_13' title='bbox 893 371 1003 445; x_wconf 75' lang='lat' dir='ltr'>utens</span> <span class='ocrx_word' id='word_1_14' title='bbox 1023 371 1193 451; x_wconf 84' lang='lat' dir='ltr'>reductam</span> 
     </span>
     <span class='ocr_line' id='line_1_3' title="bbox 39 454 1192 548; baseline 0.002 -22"><span class='ocrx_word' id='word_1_15' title='bbox 39 460 180 526; x_wconf 82' lang='lat' dir='ltr'>Admeto</span> <span class='ocrx_word' id='word_1_16' title='bbox 202 457 354 524; x_wconf 83' lang='lat' dir='ltr'>reddidit.</span> <span class='ocrx_word' id='word_1_17' title='bbox 401 455 558 527; x_wconf 67' lang='lat' dir='ltr'>&#39;Admetus</span> <span class='ocrx_word' id='word_1_18' title='bbox 588 458 679 546; x_wconf 81' lang='lat' dir='ltr'>qussi</span> <span class='ocrx_word' id='word_1_19' title='bbox 710 480 804 546; x_wconf 81' lang='lat' dir='ltr'>quem</span> <span class='ocrx_word' id='word_1_20' title='bbox 827 454 936 534; x_wconf 68' lang='lat' dir='ltr'>‹irlr&#39;re</span> <span class='ocrx_word' id='word_1_21' title='bbox 964 472 1054 548; x_wconf 80' lang='lat' dir='ltr'>petat</span> <span class='ocrx_word' id='word_1_22' title='bbox 1078 473 1192 528; x_wconf 81' lang='lat' dir='ltr'>metus</span> 
     </span>
     <span class='ocr_line' id='line_1_4' title="bbox 40 538 1319 636; baseline -0.001 -25"><span class='ocrx_word' id='word_1_23' title='bbox 40 547 148 613; x_wconf 89' lang='lat' dir='ltr'>dietus</span> <span class='ocrx_word' id='word_1_24' title='bbox 170 555 229 612; x_wconf 87' lang='lat' dir='ltr'>est</span> <span class='ocrx_word' id='word_1_25' title='bbox 269 538 375 630; x_wconf 75' lang='grc' dir='ltr'>Ἀλκή</span> <span class='ocrx_word' id='word_1_26' title='bbox 402 545 617 630; x_wconf 79' lang='lat' dir='ltr'>praesumtio</span> <span class='ocrx_word' id='word_1_27' title='bbox 638 543 763 611; x_wconf 87' lang='lat' dir='ltr'>dicitur.</span> <span class='ocrx_word' id='word_1_28' title='bbox 817 542 912 630; x_wconf 81' lang='lat' dir='ltr'>Ergo</span> <span class='ocrx_word' id='word_1_29' title='bbox 939 557 1061 627; x_wconf 88' lang='lat' dir='ltr'>metus,</span> <span class='ocrx_word' id='word_1_30' title='bbox 1099 569 1192 636; x_wconf 86' lang='lat' dir='ltr'>prae·</span> <span class='ocrx_word' id='word_1_31' title='bbox 1282 550 1319 610; x_wconf 82' lang='grc'>’.</span> 
     </span>
     <span class='ocr_line' id='line_1_5' title="bbox 40 629 1273 719; baseline 0.001 -21"><span class='ocrx_word' id='word_1_32' title='bbox 40 632 234 707; x_wconf 86' lang='lat' dir='ltr'>sumtionem</span> <span class='ocrx_word' id='word_1_33' title='bbox 256 640 391 716; x_wconf 83' lang='lat' dir='ltr'>sperans</span> <span class='ocrx_word' id='word_1_34' title='bbox 411 629 471 695; x_wconf 83' lang='lat' dir='ltr'>sibi</span> <span class='ocrx_word' id='word_1_35' title='bbox 492 629 662 719; x_wconf 87' lang='lat' dir='ltr'>conjungi,</span> <span class='ocrx_word' id='word_1_36' title='bbox 694 629 774 696; x_wconf 88' lang='lat' dir='ltr'>duas</span> <span class='ocrx_word' id='word_1_37' title='bbox 797 630 882 699; x_wconf 82' lang='lat' dir='ltr'>seras</span> <span class='ocrx_word' id='word_1_38' title='bbox 903 651 963 697; x_wconf 91' lang='lat' dir='ltr'>suo</span> <span class='ocrx_word' id='word_1_39' title='bbox 986 631 1094 702; x_wconf 85' lang='lat' dir='ltr'>currui</span> <span class='ocrx_word' id='word_1_40' title='bbox 1116 634 1192 699; x_wconf 88' lang='lat' dir='ltr'>sub·</span> <span class='ocrx_word' id='word_1_41' title='bbox 1271 687 1273 691; x_wconf 57' lang='grc'>,</span> 
     </span>
     <span class='ocr_line' id='line_1_6' title="bbox 39 713 1216 805; baseline -0.004 -22"><span class='ocrx_word' id='word_1_42' title='bbox 39 718 168 805; x_wconf 86' lang='lat' dir='ltr'>jungit,</span> <span class='ocrx_word' id='word_1_43' title='bbox 202 713 236 780; x_wconf 89' lang='lat' dir='ltr'>id</span> <span class='ocrx_word' id='word_1_44' title='bbox 259 726 309 782; x_wconf 90' lang='lat' dir='ltr'>est</span> <span class='ocrx_word' id='word_1_45' title='bbox 332 713 412 781; x_wconf 85' lang='lat' dir='ltr'>duas</span> <span class='ocrx_word' id='word_1_46' title='bbox 442 715 573 783; x_wconf 82' lang='lat' dir='ltr'>uirtutes</span> <span class='ocrx_word' id='word_1_47' title='bbox 602 716 737 805; x_wconf 80' lang='lat' dir='ltr'>acquirit</span> <span class='ocrx_word' id='word_1_48' title='bbox 758 715 853 781; x_wconf 86' lang='lat' dir='ltr'>animi</span> <span class='ocrx_word' id='word_1_49' title='bbox 875 726 907 782; x_wconf 91' lang='lat' dir='ltr'>et</span> <span class='ocrx_word' id='word_1_50' title='bbox 928 718 1090 805; x_wconf 83' lang='lat' dir='ltr'>eorporis3</span> <span class='ocrx_word' id='word_1_51' title='bbox 1124 717 1216 784; x_wconf 74' lang='lat' dir='ltr'>len-a</span> 
     </span>
    </p>

    <p class='ocr_par' dir='ltr' id='par_1_3' title="bbox 40 800 1277 977">
     <span class='ocr_line' id='line_1_7' title="bbox 40 800 1277 892; baseline -0.002 -22"><span class='ocrx_word' id='word_1_52' title='bbox 40 826 115 870; x_wconf 92' lang='lat' dir='ltr'>nem</span> <span class='ocrx_word' id='word_1_53' title='bbox 138 812 175 869; x_wconf 90' lang='lat' dir='ltr'>ut</span> <span class='ocrx_word' id='word_1_54' title='bbox 195 801 343 868; x_wconf 83' lang='lat' dir='ltr'>virtutem</span> <span class='ocrx_word' id='word_1_55' title='bbox 365 800 479 883; x_wconf 85' lang='lat' dir='ltr'>animi,</span> <span class='ocrx_word' id='word_1_56' title='bbox 512 823 625 889; x_wconf 88' lang='lat' dir='ltr'>aprum</span> <span class='ocrx_word' id='word_1_57' title='bbox 643 814 680 871; x_wconf 88' lang='lat' dir='ltr'>ut</span> <span class='ocrx_word' id='word_1_58' title='bbox 701 801 848 871; x_wconf 85' lang='lat' dir='ltr'>virtutem</span> <span class='ocrx_word' id='word_1_59' title='bbox 881 805 1035 889; x_wconf 91' lang='lat' dir='ltr'>corporis.</span> <span class='ocrx_word' id='word_1_60' title='bbox 1069 803 1194 892; x_wconf 49' lang='lat' dir='ltr'>&#39;Apolli-</span> <span class='ocrx_word' id='word_1_61' title='bbox 1272 814 1277 830; x_wconf 71' lang='lat'>¹</span> 
     </span>
     <span class='ocr_line' id='line_1_8' title="bbox 40 884 1193 977; baseline 0.002 -22"><span class='ocrx_word' id='word_1_62' title='bbox 40 913 117 957; x_wconf 90' lang='lat' dir='ltr'>nem</span> <span class='ocrx_word' id='word_1_63' title='bbox 139 898 173 955; x_wconf 89' lang='lat' dir='ltr'>et</span> <span class='ocrx_word' id='word_1_64' title='bbox 193 885 368 953; x_wconf 83' lang='lat' dir='ltr'><strong>Herculem</strong></span> <span class='ocrx_word' id='word_1_65' title='bbox 390 887 450 953; x_wconf 88' lang='lat' dir='ltr'>sibi</span> <span class='ocrx_word' id='word_1_66' title='bbox 470 884 629 977; x_wconf 83' lang='lat' dir='ltr'>propitiat,</span> <span class='ocrx_word' id='word_1_67' title='bbox 650 887 685 954; x_wconf 91' lang='lat' dir='ltr'>id</span> <span class='ocrx_word' id='word_1_68' title='bbox 707 899 756 955; x_wconf 92' lang='lat' dir='ltr'>est</span> <span class='ocrx_word' id='word_1_69' title='bbox 773 887 959 976; x_wconf 81' lang='lat' dir='ltr'>sapientiam</span> <span class='ocrx_word' id='word_1_70' title='bbox 982 901 1015 956; x_wconf 90' lang='lat' dir='ltr'>et</span> <span class='ocrx_word' id='word_1_71' title='bbox 1037 890 1193 959; x_wconf 85' lang='lat' dir='ltr'>virtutem.</span> 
     </span>
    </p>

    <p class='ocr_par' dir='ltr' id='par_1_4' title="bbox 40 970 1193 1149">
     <span class='ocr_line' id='line_1_9' title="bbox 40 970 1193 1078; baseline 0.001 -37"><span class='ocrx_word' id='word_1_72' title='bbox 40 977 137 1078; x_wconf 77' lang='lat' dir='ltr'>Ergo</span> <span class='ocrx_word' id='word_1_73' title='bbox 156 972 354 1062; x_wconf 83' lang='lat' dir='ltr'>praesumtio</span> <span class='ocrx_word' id='word_1_74' title='bbox 376 986 476 1041; x_wconf 87' lang='lat' dir='ltr'>semet</span> <span class='ocrx_word' id='word_1_75' title='bbox 503 973 606 1061; x_wconf 85' lang='lat' dir='ltr'>ipsam</span> <span class='ocrx_word' id='word_1_76' title='bbox 632 970 675 1041; x_wconf 92' lang='lat' dir='ltr'>ad</span> <span class='ocrx_word' id='word_1_77' title='bbox 704 985 838 1041; x_wconf 85' lang='lat' dir='ltr'>mortem</span> <span class='ocrx_word' id='word_1_78' title='bbox 867 995 925 1062; x_wconf 89' lang='lat' dir='ltr'>pro</span> <span class='ocrx_word' id='word_1_79' title='bbox 955 976 1059 1041; x_wconf 92' lang='lat' dir='ltr'>anima</span> <span class='ocrx_word' id='word_1_80' title='bbox 1088 988 1193 1059; x_wconf 84' lang='lat' dir='ltr'>metus</span> 
     </span>
     <span class='ocr_line' id='line_1_10' title="bbox 40 1057 1192 1149; baseline 0.003 -22"><span class='ocrx_word' id='word_1_81' title='bbox 40 1060 163 1149; x_wconf 76' lang='lat' dir='ltr'>objicit.</span> <span class='ocrx_word' id='word_1_82' title='bbox 207 1060 312 1137; x_wconf 76' lang='lat' dir='ltr'>Quam</span> <span class='ocrx_word' id='word_1_83' title='bbox 340 1060 626 1146; x_wconf 81' lang='lat' dir='ltr'>praesumtionem,</span> <span class='ocrx_word' id='word_1_84' title='bbox 658 1059 690 1125; x_wconf 93' lang='lat' dir='ltr'>in</span> <span class='ocrx_word' id='word_1_85' title='bbox 711 1071 814 1130; x_wconf 89' lang='lat' dir='ltr'>morte</span> <span class='ocrx_word' id='word_1_86' title='bbox 845 1057 1067 1144; x_wconf 86' lang='lat' dir='ltr'>deficientem,</span> <span class='ocrx_word' id='word_1_87' title='bbox 1094 1060 1192 1131; x_wconf 79' lang='lat' dir='ltr'>virtus</span> 
     </span>
    </p>

    <p class='ocr_par' dir='ltr' id='par_1_5' title="bbox 40 1144 1232 1235">
     <span class='ocr_line' id='line_1_11' title="bbox 40 1144 1232 1235; baseline -0.004 -20"><span class='ocrx_word' id='word_1_88' title='bbox 40 1149 84 1215; x_wconf 92' lang='lat' dir='ltr'>ab</span> <span class='ocrx_word' id='word_1_89' title='bbox 104 1145 216 1215; x_wconf 83' lang='lat' dir='ltr'>inferis</span> <span class='ocrx_word' id='word_1_90' title='bbox 234 1156 387 1235; x_wconf 81' lang='lat' dir='ltr'>revocat,</span> <span class='ocrx_word' id='word_1_91' title='bbox 408 1156 445 1213; x_wconf 88' lang='lat' dir='ltr'>nt</span> <span class='ocrx_word' id='word_1_92' title='bbox 464 1146 625 1215; x_wconf 87' lang='lat' dir='ltr'>Hercules</span> <span class='ocrx_word' id='word_1_93' title='bbox 647 1144 734 1215; x_wconf 86' lang='lat' dir='ltr'>facit</span> <span class='ocrx_word' id='word_1_94' title='bbox 1048 1212 1050 1217; x_wconf 86' lang='grc'>,</span> <span class='ocrx_word' id='word_1_95' title='bbox 1196 1161 1232 1212; x_wconf 85' lang='lat'>10</span> 
     </span>
    </p>
   </div>
   <div class='ocr_carea' id='block_1_3' title="bbox 109 1269 1221 1419">
    <p class='ocr_par' dir='ltr' id='par_1_6' title="bbox 109 1269 1221 1419">
     <span class='ocr_line' id='line_1_12' title="bbox 109 1269 1221 1419; baseline -0.001 -25"><span class='ocrx_word' id='word_1_96' title='bbox 109 1315 204 1394; x_wconf 69' lang='grc'><strong>155.</strong></span> <span class='ocrx_word' id='word_1_97' title='bbox 275 1312 453 1419; x_wconf 81' lang='lat' dir='ltr'>Anguis</span> <span class='ocrx_word' id='word_1_98' title='bbox 482 1314 534 1390; x_wconf 87' lang='lat' dir='ltr'>ah</span> <span class='ocrx_word' id='word_1_99' title='bbox 571 1317 778 1393; x_wconf 86' lang='lat' dir='ltr'>Hercula</span> <span class='ocrx_word' id='word_1_100' title='bbox 820 1280 1122 1402; x_wconf 79' lang='lat' dir='ltr'>interfectus.</span> <span class='ocrx_word' id='word_1_101' title='bbox 1196 1269 1221 1334; x_wconf 38' lang='lat' dir='ltr'>&#39;l</span> 
     </span>
    </p>
   </div>
   <div class='ocr_carea' id='block_1_4' title="bbox 38 1441 1265 2396">
    <p class='ocr_par' dir='ltr' id='par_1_7' title="bbox 38 1441 1265 2396">
     <span class='ocr_line' id='line_1_13' title="bbox 127 1441 1265 1548; baseline 0.005 -34"><span class='ocrx_word' id='word_1_102' title='bbox 127 1443 290 1514; x_wconf 86' lang='lat' dir='ltr'>Hercules</span> <span class='ocrx_word' id='word_1_103' title='bbox 325 1441 413 1548; x_wconf 86' lang='lat' dir='ltr'>apud</span> <span class='ocrx_word' id='word_1_104' title='bbox 448 1442 675 1531; x_wconf 82' lang='lat' dir='ltr'>Ssngnrinm,¹</span> <span class='ocrx_word' id='word_1_105' title='bbox 704 1443 831 1535; x_wconf 82' lang='lat' dir='ltr'>Lydiae</span> <span class='ocrx_word' id='word_1_106' title='bbox 863 1447 1002 1530; x_wconf 88' lang='lat' dir='ltr'>flumen,</span> <span class='ocrx_word' id='word_1_107' title='bbox 1049 1468 1190 1537; x_wconf 80' lang='lat' dir='ltr'>anguem</span> <span class='ocrx_word' id='word_1_108' title='bbox 1263 1444 1265 1451; x_wconf 68' lang='grc'><em>’</em></span> 
     </span>
     <span class='ocr_line' id='line_1_14' title="bbox 39 1530 1190 1637; baseline 0.007 -40"><span class='ocrx_word' id='word_1_109' title='bbox 39 1531 152 1637; x_wconf 85' lang='lat' dir='ltr'>plures</span> <span class='ocrx_word' id='word_1_110' title='bbox 176 1531 322 1605; x_wconf 87' lang='lat' dir='ltr'>homines</span> <span class='ocrx_word' id='word_1_111' title='bbox 351 1530 612 1612; x_wconf 75' lang='lat' dir='ltr'>interficientem,</span> <span class='ocrx_word' id='word_1_112' title='bbox 646 1541 680 1598; x_wconf 92' lang='lat' dir='ltr'>et</span> <span class='ocrx_word' id='word_1_113' title='bbox 706 1531 807 1620; x_wconf 88' lang='lat' dir='ltr'>ripam</span> <span class='ocrx_word' id='word_1_114' title='bbox 836 1532 982 1621; x_wconf 78' lang='lat' dir='ltr'>frugibus</span> <span class='ocrx_word' id='word_1_115' title='bbox 1014 1535 1190 1607; x_wconf 84' lang='lat' dir='ltr'>orbantem.</span> 
     </span>
     <span class='ocr_line' id='line_1_15' title="bbox 39 1615 1189 1707; baseline 0 -22"><span class='ocrx_word' id='word_1_116' title='bbox 39 1619 255 1686; x_wconf 73' lang='lat' dir='ltr'>interimebat</span> <span class='ocrx_word' id='word_1_117' title='bbox 297 1616 365 1683; x_wconf 91' lang='lat' dir='ltr'>Pro</span> <span class='ocrx_word' id='word_1_118' title='bbox 397 1638 461 1704; x_wconf 90' lang='lat' dir='ltr'>quo</span> <span class='ocrx_word' id='word_1_119' title='bbox 490 1616 585 1683; x_wconf 79' lang='lat' dir='ltr'>facto.</span> <span class='ocrx_word' id='word_1_120' title='bbox 606 1615 649 1684; x_wconf 87' lang='lat' dir='ltr'>ah</span> <span class='ocrx_word' id='word_1_121' title='bbox 679 1616 841 1706; x_wconf 86' lang='lat' dir='ltr'>Omphale</span> <span class='ocrx_word' id='word_1_122' title='bbox 872 1620 1004 1706; x_wconf 87' lang='lat' dir='ltr'>regina,</span> <span class='ocrx_word' id='word_1_123' title='bbox 1032 1643 1116 1707; x_wconf 88' lang='lat' dir='ltr'>quae</span> <span class='ocrx_word' id='word_1_124' title='bbox 1146 1621 1189 1686; x_wconf 90' lang='lat' dir='ltr'>ibi</span> 
     </span>
     <span class='ocr_line' id='line_1_16' title="bbox 38 1701 1232 1808; baseline -0.003 -37"><span class='ocrx_word' id='word_1_125' title='bbox 38 1705 221 1792; x_wconf 79' lang='lat' dir='ltr'>regnabat,</span> <span class='ocrx_word' id='word_1_126' title='bbox 264 1701 368 1771; x_wconf 84' lang='lat' dir='ltr'>multis</span> <span class='ocrx_word' id='word_1_127' title='bbox 400 1712 531 1768; x_wconf 88' lang='lat' dir='ltr'>ornatus</span> <span class='ocrx_word' id='word_1_128' title='bbox 559 1701 779 1786; x_wconf 58' lang='lat' dir='ltr'>muneribus„</span> <span class='ocrx_word' id='word_1_129' title='bbox 803 1705 910 1808; x_wconf 76' lang='lat' dir='ltr'>Argos</span> <span class='ocrx_word' id='word_1_130' title='bbox 944 1717 994 1773; x_wconf 89' lang='lat' dir='ltr'>est</span> <span class='ocrx_word' id='word_1_131' title='bbox 1030 1709 1232 1774; x_wconf 77' lang='lat' dir='ltr'>remissuslb</span> 
     </span>
     <span class='ocr_line' id='line_1_17' title="bbox 42 1787 1191 1893; baseline 0.001 -37"><span class='ocrx_word' id='word_1_132' title='bbox 42 1791 147 1893; x_wconf 79' lang='lat' dir='ltr'>Cujus</span> <span class='ocrx_word' id='word_1_133' title='bbox 178 1788 275 1856; x_wconf 86' lang='lat' dir='ltr'>etiarn</span> <span class='ocrx_word' id='word_1_134' title='bbox 307 1808 417 1878; x_wconf 83' lang='lat' dir='ltr'>amore</span> <span class='ocrx_word' id='word_1_135' title='bbox 443 1799 509 1855; x_wconf 90' lang='lat' dir='ltr'>tam</span> <span class='ocrx_word' id='word_1_136' title='bbox 536 1787 743 1856; x_wconf 83' lang='lat' dir='ltr'>vehementer</span> <span class='ocrx_word' id='word_1_137' title='bbox 774 1801 823 1858; x_wconf 87' lang='lat' dir='ltr'>est</span> <span class='ocrx_word' id='word_1_138' title='bbox 858 1789 1025 1872; x_wconf 80' lang='lat' dir='ltr'>incensus,</span> <span class='ocrx_word' id='word_1_139' title='bbox 1065 1804 1101 1861; x_wconf 91' lang='lat' dir='ltr'>ut</span> <span class='ocrx_word' id='word_1_140' title='bbox 1130 1793 1191 1859; x_wconf 89' lang='lat' dir='ltr'>coli</span> 
     </span>
     <span class='ocr_line' id='line_1_18' title="bbox 40 1870 1190 1967; baseline 0.001 -25"><span class='ocrx_word' id='word_1_141' title='bbox 40 1875 198 1944; x_wconf 80' lang='lat' dir='ltr'>delicatus</span> <span class='ocrx_word' id='word_1_142' title='bbox 221 1870 377 1941; x_wconf 84' lang='lat' dir='ltr'>enodaret</span> <span class='ocrx_word' id='word_1_143' title='bbox 397 1885 599 1956; x_wconf 84' lang='lat' dir='ltr'>contractus,</span> <span class='ocrx_word' id='word_1_144' title='bbox 639 1886 672 1941; x_wconf 89' lang='lat' dir='ltr'>et</span> <span class='ocrx_word' id='word_1_145' title='bbox 691 1873 804 1962; x_wconf 90' lang='lat' dir='ltr'>pollice</span> <span class='ocrx_word' id='word_1_146' title='bbox 826 1875 888 1944; x_wconf 84' lang='lat' dir='ltr'>susi</span> <span class='ocrx_word' id='word_1_147' title='bbox 909 1888 1031 1945; x_wconf 84' lang='lat' dir='ltr'>rotaret</span> <span class='ocrx_word' id='word_1_148' title='bbox 1059 1879 1190 1967; x_wconf 82' lang='lat' dir='ltr'>vertigi-</span> 
     </span>
     <span class='ocr_line' id='line_1_19' title="bbox 40 1953 1190 2048; baseline 0.002 -21"><span class='ocrx_word' id='word_1_149' title='bbox 40 1984 125 2028; x_wconf 89' lang='lat' dir='ltr'>nem.</span> <span class='ocrx_word' id='word_1_150' title='bbox 168 1958 328 2027; x_wconf 88' lang='lat' dir='ltr'>Hercules</span> <span class='ocrx_word' id='word_1_151' title='bbox 349 1953 462 2046; x_wconf 67' lang='grc' dir='ltr'><em>ἡρώων</em></span> <span class='ocrx_word' id='word_1_152' title='bbox 481 1960 593 2039; x_wconf 79' lang='grc' dir='ltr'><strong><em>κλέος,</em></strong></span> <span class='ocrx_word' id='word_1_153' title='bbox 629 1960 787 2042; x_wconf 64' lang='lat' dir='ltr'>pirorum</span> <span class='ocrx_word' id='word_1_154' title='bbox 801 1958 955 2048; x_wconf 74' lang='lat' dir='ltr'>fortium</span> <span class='ocrx_word' id='word_1_155' title='bbox 975 1961 1077 2046; x_wconf 73' lang='lat' dir='ltr'>somn</span> <span class='ocrx_word' id='word_1_156' title='bbox 1112 1962 1190 2031; x_wconf 88' lang='lat' dir='ltr'>dici-</span> 
     </span>
     <span class='ocr_line' id='line_1_20' title="bbox 39 2039 1240 2134; baseline 0 -19"><span class='ocrx_word' id='word_1_157' title='bbox 39 2059 115 2131; x_wconf 81' lang='lat' dir='ltr'>tur3</span> <span class='ocrx_word' id='word_1_158' title='bbox 146 2039 166 2115; x_wconf 80' lang='lat' dir='ltr'>ri</span> <span class='ocrx_word' id='word_1_159' title='bbox 197 2040 301 2134; x_wconf 70' lang='lat' dir='ltr'>poids</span> <span class='ocrx_word' id='word_1_160' title='bbox 322 2043 518 2110; x_wconf 75' lang='lat' dir='ltr'>umbilicos.</span> <span class='ocrx_word' id='word_1_161' title='bbox 558 2041 677 2110; x_wconf 88' lang='lat' dir='ltr'>Libido</span> <span class='ocrx_word' id='word_1_162' title='bbox 700 2046 783 2112; x_wconf 91' lang='lat' dir='ltr'>enim</span> <span class='ocrx_word' id='word_1_163' title='bbox 812 2047 845 2113; x_wconf 92' lang='lat' dir='ltr'>in</span> <span class='ocrx_word' id='word_1_164' title='bbox 878 2049 1025 2115; x_wconf 82' lang='lat' dir='ltr'>umbilico</span> <span class='ocrx_word' id='word_1_165' title='bbox 1046 2047 1188 2115; x_wconf 89' lang='lat' dir='ltr'>domina·</span> <span class='ocrx_word' id='word_1_166' title='bbox 1238 2070 1240 2075; x_wconf 88' lang='lat'>·</span> 
     </span>
     <span class='ocr_line' id='line_1_21' title="bbox 38 2127 1233 2223; baseline 0.001 -23"><span class='ocrx_word' id='word_1_167' title='bbox 38 2146 94 2203; x_wconf 89' lang='lat' dir='ltr'>tur</span> <span class='ocrx_word' id='word_1_168' title='bbox 107 2155 162 2199; x_wconf 93' lang='lat' dir='ltr'>mu</span> <span class='ocrx_word' id='word_1_169' title='bbox 174 2132 301 2199; x_wconf 90' lang='lat' dir='ltr'>ieribus.</span> <span class='ocrx_word' id='word_1_170' title='bbox 343 2128 440 2196; x_wconf 87' lang='lat' dir='ltr'>Unde</span> <span class='ocrx_word' id='word_1_171' title='bbox 453 2127 641 2210; x_wconf 87' lang='lat' dir='ltr'>ostenditur,</span> <span class='ocrx_word' id='word_1_172' title='bbox 663 2130 751 2219; x_wconf 90' lang='lat' dir='ltr'>quod</span> <span class='ocrx_word' id='word_1_173' title='bbox 766 2132 864 2200; x_wconf 75' lang='lat' dir='ltr'>libido</span> <span class='ocrx_word' id='word_1_174' title='bbox 881 2135 1022 2223; x_wconf 69' lang='lat' dir='ltr'>quamuis</span> <span class='ocrx_word' id='word_1_175' title='bbox 1040 2135 1233 2206; x_wconf 75' lang='lat' dir='ltr'>inviotnmso</span> 
     </span>
     <span class='ocr_line' id='line_1_22' title="bbox 39 2212 1190 2320; baseline 0.003 -35"><span class='ocrx_word' id='word_1_176' title='bbox 39 2218 145 2309; x_wconf 89' lang='lat' dir='ltr'>possit</span> <span class='ocrx_word' id='word_1_177' title='bbox 164 2238 318 2320; x_wconf 88' lang='lat' dir='ltr'>superare</span> <span class='ocrx_word' id='word_1_178' title='bbox 337 2216 502 2296; x_wconf 80' lang='lat' dir='ltr'>virtutem3</span> <span class='ocrx_word' id='word_1_179' title='bbox 524 2215 599 2304; x_wconf 91' lang='lat' dir='ltr'>quia</span> <span class='ocrx_word' id='word_1_180' title='bbox 620 2212 716 2304; x_wconf 80' lang='lat' dir='ltr'>qu&#39;em</span> <span class='ocrx_word' id='word_1_181' title='bbox 736 2218 846 2287; x_wconf 91' lang='lat' dir='ltr'>mundi</span> <span class='ocrx_word' id='word_1_182' title='bbox 860 2219 1048 2309; x_wconf 84' lang='lat' dir='ltr'>magnitudo</span> <span class='ocrx_word' id='word_1_183' title='bbox 1064 2222 1190 2289; x_wconf 87' lang='lat' dir='ltr'>vincere</span> 
     </span>
     <span class='ocr_line' id='line_1_23' title="bbox 40 2299 713 2396; baseline -0.004 -24"><span class='ocrx_word' id='word_1_184' title='bbox 40 2328 106 2374; x_wconf 93' lang='lat' dir='ltr'>non</span> <span class='ocrx_word' id='word_1_185' title='bbox 126 2314 252 2396; x_wconf 86' lang='lat' dir='ltr'>poturt,</span> <span class='ocrx_word' id='word_1_186' title='bbox 271 2299 407 2370; x_wconf 85' lang='lat' dir='ltr'>libidinis</span> <span class='ocrx_word' id='word_1_187' title='bbox 426 2301 524 2370; x_wconf 86' lang='lat' dir='ltr'>ardor</span> <span class='ocrx_word' id='word_1_188' title='bbox 544 2301 713 2391; x_wconf 82' lang='lat' dir='ltr'>oppressit</span> 
     </span>
    </p>
   </div>
   <div class='ocr_carea' id='block_1_5' title="bbox 449 2470 782 2577">
    <p class='ocr_par' dir='ltr' id='par_1_8' title="bbox 449 2470 782 2577">
     <span class='ocr_line' id='line_1_24' title="bbox 449 2470 782 2577; baseline -0.003 -28"><span class='ocrx_word' id='word_1_189' title='bbox 449 2470 569 2564; x_wconf 57' lang='grc' dir='ltr'>156.χ</span> <span class='ocrx_word' id='word_1_190' title='bbox 608 2473 782 2577; x_wconf 82' lang='lat' dir='ltr'>Eryx.</span> 
     </span>
    </p>
   </div>
   <div class='ocr_carea' id='block_1_6' title="bbox 38 2601 1310 3037">
    <p class='ocr_par' dir='ltr' id='par_1_9' title="bbox 38 2601 1310 3037">
     <span class='ocr_line' id='line_1_25' title="bbox 123 2601 1310 2696; baseline 0.002 -22"><span class='ocrx_word' id='word_1_191' title='bbox 123 2605 234 2696; x_wconf 81' lang='lat' dir='ltr'>Eryx,</span> <span class='ocrx_word' id='word_1_192' title='bbox 267 2603 404 2671; x_wconf 87' lang='lat' dir='ltr'>Veneris</span> <span class='ocrx_word' id='word_1_193' title='bbox 424 2615 457 2671; x_wconf 91' lang='lat' dir='ltr'>et</span> <span class='ocrx_word' id='word_1_194' title='bbox 476 2604 600 2686; x_wconf 80' lang='lat' dir='ltr'>Butae,</span> <span class='ocrx_word' id='word_1_195' title='bbox 636 2601 818 2671; x_wconf 86' lang='lat' dir='ltr'>secundnm</span> <span class='ocrx_word' id='word_1_196' title='bbox 847 2602 944 2685; x_wconf 85' lang='lat' dir='ltr'>alins,</span> <span class='ocrx_word' id='word_1_197' title='bbox 986 2605 1128 2695; x_wconf 89' lang='lat' dir='ltr'>Neptuni</span> <span class='ocrx_word' id='word_1_198' title='bbox 1157 2619 1189 2676; x_wconf 90' lang='lat' dir='ltr'>et</span> <span class='ocrx_word' id='word_1_199' title='bbox 1299 2604 1310 2619; x_wconf 89' lang='grc'>”</span> 
     </span>
     <span class='ocr_line' id='line_1_26' title="bbox 38 2688 1227 2783; baseline -0.003 -24"><span class='ocrx_word' id='word_1_200' title='bbox 38 2693 176 2759; x_wconf 87' lang='lat' dir='ltr'>Veneris</span> <span class='ocrx_word' id='word_1_201' title='bbox 196 2691 278 2757; x_wconf 83' lang='lat' dir='ltr'>lilius</span> <span class='ocrx_word' id='word_1_202' title='bbox 299 2689 368 2759; x_wconf 84' lang='lat' dir='ltr'>suit</span> <span class='ocrx_word' id='word_1_203' title='bbox 424 2691 488 2768; x_wconf 77' lang='lat' dir='ltr'>Qui</span> <span class='ocrx_word' id='word_1_204' title='bbox 516 2688 708 2778; x_wconf 81' lang='lat' dir='ltr'>praepotens</span> <span class='ocrx_word' id='word_1_205' title='bbox 737 2689 871 2770; x_wconf 78' lang='lat' dir='ltr'>viribus,</span> <span class='ocrx_word' id='word_1_206' title='bbox 906 2689 1045 2759; x_wconf 86' lang='lat' dir='ltr'>advenas</span> <span class='ocrx_word' id='word_1_207' title='bbox 1067 2706 1227 2783; x_wconf 80' lang='lat' dir='ltr'>prono-25</span> 
     </span>
     <span class='ocr_line' id='line_1_27' title="bbox 40 2775 1188 2868; baseline 0.003 -24"><span class='ocrx_word' id='word_1_208' title='bbox 40 2780 161 2858; x_wconf 87' lang='lat' dir='ltr'>cahat,</span> <span class='ocrx_word' id='word_1_209' title='bbox 192 2779 355 2865; x_wconf 86' lang='lat' dir='ltr'>victosque</span> <span class='ocrx_word' id='word_1_210' title='bbox 375 2776 562 2865; x_wconf 84' lang='lat' dir='ltr'>perimebat</span> <span class='ocrx_word' id='word_1_211' title='bbox 604 2775 686 2864; x_wconf 82' lang='lat' dir='ltr'>Qui,</span> <span class='ocrx_word' id='word_1_212' title='bbox 715 2777 843 2843; x_wconf 88' lang='lat' dir='ltr'>occisus</span> <span class='ocrx_word' id='word_1_213' title='bbox 866 2778 907 2843; x_wconf 91' lang='lat' dir='ltr'>ab</span> <span class='ocrx_word' id='word_1_214' title='bbox 926 2778 1070 2846; x_wconf 81' lang='lat' dir='ltr'>Hercule</span> <span class='ocrx_word' id='word_1_215' title='bbox 1090 2802 1188 2868; x_wconf 87' lang='lat' dir='ltr'>quum</span> 
     </span>
     <span class='ocr_line' id='line_1_28' title="bbox 42 2861 1188 2956; baseline -0.009 -26"><span class='ocrx_word' id='word_1_216' title='bbox 42 2876 76 2931; x_wconf 90' lang='lat' dir='ltr'>et</span> <span class='ocrx_word' id='word_1_217' title='bbox 94 2864 201 2953; x_wconf 86' lang='lat' dir='ltr'>ipsum</span> <span class='ocrx_word' id='word_1_218' title='bbox 225 2864 449 2950; x_wconf 78' lang='lat' dir='ltr'>provocasset,</span> <span class='ocrx_word' id='word_1_219' title='bbox 480 2862 579 2929; x_wconf 89' lang='lat' dir='ltr'>monti</span> <span class='ocrx_word' id='word_1_220' title='bbox 608 2884 647 2927; x_wconf 88' lang='lat' dir='ltr'>ex</span> <span class='ocrx_word' id='word_1_221' title='bbox 676 2861 839 2949; x_wconf 90' lang='lat' dir='ltr'>sepultura</span> <span class='ocrx_word' id='word_1_222' title='bbox 860 2885 920 2928; x_wconf 89' lang='lat' dir='ltr'>sua</span> <span class='ocrx_word' id='word_1_223' title='bbox 941 2886 1058 2933; x_wconf 91' lang='lat' dir='ltr'>nomen</span> <span class='ocrx_word' id='word_1_224' title='bbox 1085 2866 1188 2956; x_wconf 79' lang='lat' dir='ltr'>impo.</span> 
     </span>
     <span class='ocr_line' id='line_1_29' title="bbox 40 2947 1106 3037; baseline 0.004 -20"><span class='ocrx_word' id='word_1_225' title='bbox 40 2949 124 3033; x_wconf 86' lang='lat' dir='ltr'>snit,</span> <span class='ocrx_word' id='word_1_226' title='bbox 144 2950 177 3016; x_wconf 94' lang='lat' dir='ltr'>in</span> <span class='ocrx_word' id='word_1_227' title='bbox 199 2972 264 3037; x_wconf 79' lang='lat' dir='ltr'>quo</span> <span class='ocrx_word' id='word_1_228' title='bbox 284 2948 377 3016; x_wconf 87' lang='lat' dir='ltr'>matri</span> <span class='ocrx_word' id='word_1_229' title='bbox 394 2948 489 3016; x_wconf 87' lang='lat' dir='ltr'>etiam</span> <span class='ocrx_word' id='word_1_230' title='bbox 513 2947 630 3016; x_wconf 89' lang='lat' dir='ltr'>Veneri</span> <span class='ocrx_word' id='word_1_231' title='bbox 649 2947 800 3036; x_wconf 88' lang='lat' dir='ltr'>templum</span> <span class='ocrx_word' id='word_1_232' title='bbox 822 2960 1054 3020; x_wconf 79' lang='lat' dir='ltr'>construxerat.</span> <span class='ocrx_word' id='word_1_233' title='bbox 1104 2980 1106 2985; x_wconf 91' lang='lat'>·</span> 
     </span>
    </p>
   </div>
   <div class='ocr_carea' id='block_1_7' title="bbox 423 3110 815 3189">
    <p class='ocr_par' dir='ltr' id='par_1_10' title="bbox 423 3110 815 3189">
     <span class='ocr_line' id='line_1_30' title="bbox 423 3110 815 3189; baseline 0 -2"><span class='ocrx_word' id='word_1_234' title='bbox 423 3110 517 3187; x_wconf 74' lang='grc'><strong>157.</strong></span> <span class='ocrx_word' id='word_1_235' title='bbox 578 3114 815 3189; x_wconf 75' lang='lat' dir='ltr'>Busiris,</span> 
     </span>
    </p>
   </div>
   <div class='ocr_carea' id='block_1_8' title="bbox 39 3215 1230 3497">
    <p class='ocr_par' dir='ltr' id='par_1_11' title="bbox 39 3215 1230 3497">
     <span class='ocr_line' id='line_1_31' title="bbox 123 3215 1230 3394; baseline 0.005 -84"><span class='ocrx_word' id='word_1_236' title='bbox 123 3215 248 3311; x_wconf 86' lang='lat' dir='ltr'>Busiris</span> <span class='ocrx_word' id='word_1_237' title='bbox 270 3264 327 3311; x_wconf 85' lang='lat' dir='ltr'>rex</span> <span class='ocrx_word' id='word_1_238' title='bbox 348 3242 409 3310; x_wconf 85' lang='lat' dir='ltr'>fnit</span> <span class='ocrx_word' id='word_1_239' title='bbox 430 3243 576 3394; x_wconf 56' lang='lat' dir='ltr'>Aegypti.</span> <span class='ocrx_word' id='word_1_240' title='bbox 607 3227 609 3233; x_wconf 34' lang='lat'><strong><em>¹</em></strong></span> <span class='ocrx_word' id='word_1_241' title='bbox 631 3243 695 3319; x_wconf 83' lang='lat' dir='ltr'>Qui</span> <span class='ocrx_word' id='word_1_242' title='bbox 715 3251 813 3331; x_wconf 89' lang='lat' dir='ltr'>quum</span> <span class='ocrx_word' id='word_1_243' title='bbox 848 3254 1017 3335; x_wconf 88' lang='lat' dir='ltr'>susceptos</span> <span class='ocrx_word' id='word_1_244' title='bbox 1046 3246 1230 3336; x_wconf 78' lang='lat' dir='ltr'>hospitesau</span> 
     </span>
     <span class='ocr_line' id='line_1_32' title="bbox 39 3329 1193 3417; baseline 0.004 -20"><span class='ocrx_word' id='word_1_245' title='bbox 39 3332 206 3397; x_wconf 87' lang='lat' dir='ltr'>immolare</span> <span class='ocrx_word' id='word_1_246' title='bbox 226 3330 336 3399; x_wconf 88' lang='lat' dir='ltr'>solitus</span> <span class='ocrx_word' id='word_1_247' title='bbox 356 3339 460 3407; x_wconf 88' lang='lat' dir='ltr'>esset,</span> <span class='ocrx_word' id='word_1_248' title='bbox 484 3353 502 3394; x_wconf 85' lang='lat' dir='ltr'>a</span> <span class='ocrx_word' id='word_1_249' title='bbox 548 3329 709 3410; x_wconf 86' lang='lat' dir='ltr'>Hercule,</span> <span class='ocrx_word' id='word_1_250' title='bbox 740 3351 837 3417; x_wconf 91' lang='lat' dir='ltr'>quum</span> <span class='ocrx_word' id='word_1_251' title='bbox 860 3353 933 3399; x_wconf 91' lang='lat' dir='ltr'>eum</span> <span class='ocrx_word' id='word_1_252' title='bbox 955 3333 1052 3407; x_wconf 87' lang='lat' dir='ltr'>etiam</span> <span class='ocrx_word' id='word_1_253' title='bbox 1073 3335 1193 3409; x_wconf 74' lang='lat' dir='ltr'>voluis-1</span> 
     </span>
     <span class='ocr_line' id='line_1_33' title="bbox 40 3415 579 3497; baseline -0.002 -13"><span class='ocrx_word' id='word_1_254' title='bbox 40 3430 89 3485; x_wconf 90' lang='lat' dir='ltr'>set</span> <span class='ocrx_word' id='word_1_255' title='bbox 108 3415 284 3497; x_wconf 70' lang='lat' dir='ltr'>,oecidcre,</span> <span class='ocrx_word' id='word_1_256' title='bbox 310 3417 497 3483; x_wconf 89' lang='lat' dir='ltr'>interemtus</span> <span class='ocrx_word' id='word_1_257' title='bbox 521 3426 579 3483; x_wconf 84' lang='lat' dir='ltr'>est</span> 
     </span>
    </p>
   </div>
   <div class='ocr_carea' id='block_1_9' title="bbox 380 3491 977 3629">
    <p class='ocr_par' dir='ltr' id='par_1_12' title="bbox 380 3491 977 3629">
     <span class='ocr_line' id='line_1_34' title="bbox 380 3491 977 3629; baseline 0.002 -1"><span class='ocrx_word' id='word_1_258' title='bbox 380 3553 474 3629; x_wconf 75' lang='grc'><strong>1511.</strong></span> <span class='ocrx_word' id='word_1_259' title='bbox 541 3554 848 3629; x_wconf 84' lang='lat' dir='ltr'>Hercules.</span> <span class='ocrx_word' id='word_1_260' title='bbox 973 3491 977 3499; x_wconf 29' lang='lat'>¹</span> 
     </span>
    </p>
   </div>
   <div class='ocr_carea' id='block_1_10' title="bbox 42 3666 1229 3946">
    <p class='ocr_par' dir='ltr' id='par_1_13' title="bbox 42 3666 1229 3946">
     <span class='ocr_line' id='line_1_35' title="bbox 124 3666 1185 3773; baseline -0.006 -21"><span class='ocrx_word' id='word_1_261' title='bbox 124 3684 498 3773; x_wconf 71' lang='lat' dir='ltr'>HerculesMegnram,</span> <span class='ocrx_word' id='word_1_262' title='bbox 529 3666 678 3763; x_wconf 76' lang='lat' dir='ltr'>Creontis</span> <span class='ocrx_word' id='word_1_263' title='bbox 705 3683 852 3749; x_wconf 75' lang='lat' dir='ltr'>Thebani</span> <span class='ocrx_word' id='word_1_264' title='bbox 882 3683 997 3765; x_wconf 86' lang='lat' dir='ltr'>filiam,</span> <span class='ocrx_word' id='word_1_265' title='bbox 1024 3681 1185 3771; x_wconf 76' lang='lat' dir='ltr'>stuprarit.</span> 
     </span>
     <span class='ocr_line' id='line_1_36' title="bbox 42 3767 1229 3861; baseline -0.003 -23"><span class='ocrx_word' id='word_1_266' title='bbox 42 3771 93 3838; x_wconf 87' lang='lat' dir='ltr'>De</span> <span class='ocrx_word' id='word_1_267' title='bbox 118 3779 188 3860; x_wconf 89' lang='lat' dir='ltr'>&#39;qua</span> <span class='ocrx_word' id='word_1_268' title='bbox 217 3772 360 3861; x_wconf 86' lang='lat' dir='ltr'>suscepit</span> <span class='ocrx_word' id='word_1_269' title='bbox 387 3775 500 3836; x_wconf 89' lang='lat' dir='ltr'>Aream</span> <span class='ocrx_word' id='word_1_270' title='bbox 530 3779 563 3836; x_wconf 89' lang='lat' dir='ltr'>et</span> <span class='ocrx_word' id='word_1_271' title='bbox 591 3767 838 3851; x_wconf 83' lang='lat' dir='ltr'>Creontiadem,</span> <span class='ocrx_word' id='word_1_272' title='bbox 874 3794 954 3859; x_wconf 88' lang='lat' dir='ltr'>quos</span> <span class='ocrx_word' id='word_1_273' title='bbox 982 3770 1110 3837; x_wconf 89' lang='lat' dir='ltr'>Iunonis</span> <span class='ocrx_word' id='word_1_274' title='bbox 1140 3769 1229 3841; x_wconf 76' lang='lat' dir='ltr'>in-ss</span> 
     </span>
     <span class='ocr_line' id='line_1_37' title="bbox 42 3853 624 3946; baseline 0 -23"><span class='ocrx_word' id='word_1_275' title='bbox 42 3859 157 3926; x_wconf 81' lang='lat' dir='ltr'>stinctu</span> <span class='ocrx_word' id='word_1_276' title='bbox 178 3858 289 3925; x_wconf 84' lang='lat' dir='ltr'>surore</span> <span class='ocrx_word' id='word_1_277' title='bbox 310 3868 476 3946; x_wconf 86' lang='lat' dir='ltr'>correptus</span> <span class='ocrx_word' id='word_1_278' title='bbox 498 3853 624 3923; x_wconf 88' lang='lat' dir='ltr'>occidit</span> 
     </span>
    </p>
   </div>
   <div class='ocr_carea' id='block_1_11' title="bbox 417 4011 866 4111">
    <p class='ocr_par' dir='ltr' id='par_1_14' title="bbox 417 4011 866 4111">
     <span class='ocr_line' id='line_1_38' title="bbox 417 4011 866 4111; baseline -0.011 -25"><span class='ocrx_word' id='word_1_279' title='bbox 417 4011 511 4086; x_wconf 79' lang='lat'><strong>159.</strong></span> <span class='ocrx_word' id='word_1_280' title='bbox 568 4014 810 4111; x_wconf 78' lang='lat' dir='ltr'>Eurytus.</span> <span class='ocrx_word' id='word_1_281' title='bbox 863 4015 866 4019; x_wconf 79' lang='grc'><strong>’</strong></span> 
     </span>
    </p>
   </div>
   <div class='ocr_carea' id='block_1_12' title="bbox 10 4136 1324 4320">
    <p class='ocr_par' dir='ltr' id='par_1_15' title="bbox 10 4136 1324 4320">
     <span class='ocr_line' id='line_1_39' title="bbox 10 4136 1255 4239; baseline -0.009 -27"><span class='ocrx_word' id='word_1_282' title='bbox 10 4202 16 4239; x_wconf 80' lang='lat'>,</span> <span class='ocrx_word' id='word_1_283' title='bbox 125 4142 288 4234; x_wconf 77' lang='lat' dir='ltr'>Eurytus,</span> <span class='ocrx_word' id='word_1_284' title='bbox 312 4165 377 4212; x_wconf 80' lang='lat' dir='ltr'>-rex</span> <span class='ocrx_word' id='word_1_285' title='bbox 398 4141 592 4222; x_wconf 85' lang='lat' dir='ltr'>Oechaliae,</span> <span class='ocrx_word' id='word_1_286' title='bbox 623 4139 713 4208; x_wconf 91' lang='lat' dir='ltr'>Iolen</span> <span class='ocrx_word' id='word_1_287' title='bbox 738 4136 832 4204; x_wconf 89' lang='lat' dir='ltr'>filiam</span> <span class='ocrx_word' id='word_1_288' title='bbox 855 4136 1025 4226; x_wconf 85' lang='lat' dir='ltr'>denegavit</span> <span class='ocrx_word' id='word_1_289' title='bbox 1056 4136 1188 4207; x_wconf 84' lang='lat' dir='ltr'>Herculi</span> <span class='ocrx_word' id='word_1_290' title='bbox 1254 4190 1255 4195; x_wconf 62' lang='grc'>,</span> 
     </span>
     <span class='ocr_line' id='line_1_40' title="bbox 10 4222 1324 4320; baseline -0.007 -24"><span class='ocrx_word' id='word_1_291' title='bbox 10 4246 17 4317; x_wconf 73' lang='lat' dir='ltr'>y</span> <span class='ocrx_word' id='word_1_292' title='bbox 48 4242 139 4299; x_wconf 82' lang='lat' dir='ltr'>antea</span> <span class='ocrx_word' id='word_1_293' title='bbox 161 4229 367 4320; x_wconf 83' lang='lat' dir='ltr'>promissam,</span> <span class='ocrx_word' id='word_1_294' title='bbox 398 4226 473 4295; x_wconf 88' lang='lat' dir='ltr'>idco</span> <span class='ocrx_word' id='word_1_295' title='bbox 493 4227 582 4317; x_wconf 89' lang='lat' dir='ltr'>quod</span> <span class='ocrx_word' id='word_1_296' title='bbox 604 4249 675 4297; x_wconf 85' lang='lat' dir='ltr'>eam</span> <span class='ocrx_word' id='word_1_297' title='bbox 696 4225 801 4291; x_wconf 87' lang='lat' dir='ltr'>suerat</span> <span class='ocrx_word' id='word_1_298' title='bbox 833 4222 1035 4304; x_wconf 88' lang='lat' dir='ltr'>dehortatus,</span> <span class='ocrx_word' id='word_1_299' title='bbox 1069 4224 1189 4313; x_wconf 81' lang='lat' dir='ltr'>dicens,</span> <span class='ocrx_word' id='word_1_300' title='bbox 1316 4234 1324 4249; x_wconf 63' lang='lat'>¹</span> 
     </span>
    </p>
   </div>
   <div class='ocr_carea' id='block_1_13' title="bbox 800 4340 823 4406">
    <p class='ocr_par' dir='ltr' id='par_1_16' title="bbox 800 4340 823 4406">
     <span class='ocr_line' id='line_1_41' title="bbox 800 4340 823 4406; baseline 0 0"><span class='ocrx_word' id='word_1_301' title='bbox 800 4340 823 4406; x_wconf 85' lang='grc'>9</span> 
     </span>
    </p>
   </div>
   <div class='ocr_carea' id='block_1_14' title="bbox 0 0 1348 4606">
    <p class='ocr_par' dir='ltr' id='par_1_17' title="bbox 0 0 1348 4606">
     <span class='ocr_line' id='line_1_42' title="bbox 0 0 1348 4606; baseline 0 0"><span class='ocrx_word' id='word_1_302' title='bbox 0 0 1348 4606; x_wconf 95' lang='lat' dir='ltr'> </span> 
     </span>
    </p>
   </div>
  </div>
 </body>
</html>
