<?xml version="1.0" encoding="UTF-8"?>
<!DOCTYPE html PUBLIC "-//W3C//DTD XHTML 1.0 Transitional//EN"
    "http://www.w3.org/TR/xhtml1/DTD/xhtml1-transitional.dtd">
<html xmlns="http://www.w3.org/1999/xhtml" xml:lang="en" lang="en">
 <head>
  <title>
</title>
<meta http-equiv="Content-Type" content="text/html;charset=utf-8" />
  <meta name='ocr-system' content='tesseract 3.04.00' />
  <meta name='ocr-capabilities' content='ocr_page ocr_carea ocr_par ocr_line ocrx_word'/>
</head>
<body>
  <div class='ocr_page' id='page_1' title='image "./scriptoresrereu00bodegoog_0132.png"; bbox 0 0 2684 4606; ppageno 0'>
   <div class='ocr_carea' id='block_1_1' title="bbox 285 128 1222 286">
    <p class='ocr_par' dir='ltr' id='par_1_1' title="bbox 285 128 1222 286">
     <span class='ocr_line' id='line_1_1' title="bbox 285 128 1222 286; baseline -0.001 -41"><span class='ocrx_word' id='word_1_1' title='bbox 285 240 288 245; x_wconf 85' lang='grc'><strong>,</strong></span> <span class='ocrx_word' id='word_1_2' title='bbox 387 171 569 272; x_wconf 55' lang='lat' dir='ltr'><strong>mpura..</strong></span> <span class='ocrx_word' id='word_1_3' title='bbox 599 128 675 241; x_wconf 62' lang='lat'><strong>11(</strong></span> <span class='ocrx_word' id='word_1_4' title='bbox 705 166 969 257; x_wconf 23' lang='lat' dir='ltr'><strong>acc-oa.»</strong></span> <span class='ocrx_word' id='word_1_5' title='bbox 1069 166 1222 286; x_wconf 77' lang='lat' dir='ltr'><strong>ms</strong></span> 
     </span>
    </p>
   </div>
   <div class='ocr_carea' id='block_1_2' title="bbox 85 353 1313 968">
    <p class='ocr_par' dir='ltr' id='par_1_2' title="bbox 85 353 1313 968">
     <span class='ocr_line' id='line_1_2' title="bbox 85 353 1249 450; baseline -0.01 -15"><span class='ocrx_word' id='word_1_6' title='bbox 85 365 165 435; x_wconf 88' lang='lat' dir='ltr'><strong>Ideo</strong></span> <span class='ocrx_word' id='word_1_7' title='bbox 187 364 291 431; x_wconf 78' lang='lat' dir='ltr'><strong>inians</strong></span> <span class='ocrx_word' id='word_1_8' title='bbox 314 373 407 428; x_wconf 88' lang='lat' dir='ltr'><strong>natus</strong></span> <span class='ocrx_word' id='word_1_9' title='bbox 434 357 654 435; x_wconf 80' lang='lat' dir='ltr'><strong>Branchus</strong></span> <span class='ocrx_word' id='word_1_10' title='bbox 684 365 733 422; x_wconf 84' lang='lat' dir='ltr'><strong>est</strong></span> <span class='ocrx_word' id='word_1_11' title='bbox 760 365 910 437; x_wconf 83' lang='lat' dir='ltr'><strong>vocatus,</strong></span> <span class='ocrx_word' id='word_1_12' title='bbox 935 356 1009 447; x_wconf 81' lang='lat' dir='ltr'><strong>quia</strong></span> <span class='ocrx_word' id='word_1_13' title='bbox 1030 368 1133 426; x_wconf 90' lang='lat' dir='ltr'><strong>mater</strong></span> <span class='ocrx_word' id='word_1_14' title='bbox 1153 353 1249 450; x_wconf 66' lang='lat' dir='ltr'><strong>ejns&#39;</strong></span> 
     </span>
     <span class='ocr_line' id='line_1_3' title="bbox 111 440 1225 536; baseline -0.012 -17"><span class='ocrx_word' id='word_1_15' title='bbox 111 474 148 519; x_wconf 89' lang='lat' dir='ltr'><strong>er</strong></span> <span class='ocrx_word' id='word_1_16' title='bbox 167 451 290 532; x_wconf 75' lang='lat' dir='ltr'><strong>fauces</strong></span> <span class='ocrx_word' id='word_1_17' title='bbox 310 449 368 515; x_wconf 88' lang='lat' dir='ltr'><strong>sibi</strong></span> <span class='ocrx_word' id='word_1_18' title='bbox 390 454 517 514; x_wconf 90' lang='lat' dir='ltr'><strong>uterum</strong></span> <span class='ocrx_word' id='word_1_19' title='bbox 539 467 560 535; x_wconf 81' lang='lat' dir='ltr'><strong>a</strong></span> <span class='ocrx_word' id='word_1_20' title='bbox 581 442 649 508; x_wconf 89' lang='lat' dir='ltr'><strong>solo</strong></span> <span class='ocrx_word' id='word_1_21' title='bbox 669 440 791 508; x_wconf 83' lang='lat' dir='ltr'><strong>viderat</strong></span> <span class='ocrx_word' id='word_1_22' title='bbox 805 452 1016 536; x_wconf 73' lang='lat' dir='ltr'><strong>penetratum.</strong></span> <span class='ocrx_word' id='word_1_23' title='bbox 1047 445 1225 534; x_wconf 84' lang='lat' dir='ltr'><strong>Hioquum</strong></span> 
     </span>
     <span class='ocr_line' id='line_1_4' title="bbox 88 529 1226 624; baseline -0.008 -18"><span class='ocrx_word' id='word_1_24' title='bbox 88 562 121 606; x_wconf 90' lang='lat' dir='ltr'><strong>ro</strong></span> <span class='ocrx_word' id='word_1_25' title='bbox 143 531 227 605; x_wconf 85' lang='lat' dir='ltr'><strong>silvis</strong></span> <span class='ocrx_word' id='word_1_26' title='bbox 256 533 432 624; x_wconf 79' lang='lat' dir='ltr'>Apollinem</span> <span class='ocrx_word' id='word_1_27' title='bbox 455 529 616 597; x_wconf 84' lang='lat' dir='ltr'><strong>osculatus</strong></span> <span class='ocrx_word' id='word_1_28' title='bbox 638 539 743 608; x_wconf 86' lang='lat' dir='ltr'><strong>esset,</strong></span> <span class='ocrx_word' id='word_1_29' title='bbox 768 530 810 594; x_wconf 87' lang='lat' dir='ltr'><strong>ab</strong></span> <span class='ocrx_word' id='word_1_30' title='bbox 832 532 881 594; x_wconf 76' lang='lat' dir='ltr'><strong>eo&#39;</strong></span> <span class='ocrx_word' id='word_1_31' title='bbox 894 541 943 597; x_wconf 83' lang='lat' dir='ltr'><strong>est</strong></span> <span class='ocrx_word' id='word_1_32' title='bbox 964 531 1226 618; x_wconf 57' lang='lat' dir='ltr'><strong>comprehensus,</strong></span> 
     </span>
     <span class='ocr_line' id='line_1_5' title="bbox 89 613 1255 708; baseline -0.007 -16"><span class='ocrx_word' id='word_1_33' title='bbox 89 635 122 692; x_wconf 88' lang='lat' dir='ltr'><strong>et</strong></span> <span class='ocrx_word' id='word_1_34' title='bbox 142 630 279 708; x_wconf 86' lang='lat' dir='ltr'><strong>accepta</strong></span> <span class='ocrx_word' id='word_1_35' title='bbox 301 641 420 688; x_wconf 89' lang='lat' dir='ltr'><strong>corona</strong></span> <span class='ocrx_word' id='word_1_36' title='bbox 441 615 615 705; x_wconf 80' lang='lat' dir='ltr'><strong>virgaque,</strong></span> <span class='ocrx_word' id='word_1_37' title='bbox 636 613 796 682; x_wconf 82' lang='lat' dir='ltr'><strong>vaticinari</strong></span> <span class='ocrx_word' id='word_1_38' title='bbox 817 615 940 703; x_wconf 85' lang='lat' dir='ltr'><strong>coepit,</strong></span> <span class='ocrx_word' id='word_1_39' title='bbox 969 627 1002 683; x_wconf 88' lang='lat' dir='ltr'><strong>et</strong></span> <span class='ocrx_word' id='word_1_40' title='bbox 1019 616 1128 699; x_wconf 85' lang='lat' dir='ltr'><strong>¹subito</strong></span> <span class='ocrx_word' id='word_1_41' title='bbox 1150 640 1226 685; x_wconf 79' lang='lat' dir='ltr'><strong>nus·</strong></span> <span class='ocrx_word' id='word_1_42' title='bbox 1252 652 1255 657; x_wconf 96' lang='lat'><em>·</em></span> 
     </span>
     <span class='ocr_line' id='line_1_6' title="bbox 90 694 1252 800; baseline -0.008 -22"><span class='ocrx_word' id='word_1_43' title='bbox 90 716 186 800; x_wconf 84' lang='lat' dir='ltr'><strong>quam</strong></span> <span class='ocrx_word' id='word_1_44' title='bbox 217 705 403 797; x_wconf 76' lang='lat' dir='ltr'><strong>comparuit.</strong></span> <span class='ocrx_word' id='word_1_45' title='bbox 451 700 623 791; x_wconf 73' lang='lat' dir='ltr'><strong>Templum</strong></span> <span class='ocrx_word' id='word_1_46' title='bbox 653 698 826 767; x_wconf 79' lang='lat' dir='ltr'><strong>olfactum</strong></span> <span class='ocrx_word' id='word_1_47' title='bbox 853 694 1147 784; x_wconf 82' lang='lat' dir='ltr'><strong>Branchiadon</strong></span> <span class='ocrx_word' id='word_1_48' title='bbox 1176 713 1252 775; x_wconf 68' lang='lat' dir='ltr'><strong>catu</strong></span> 
     </span>
     <span class='ocr_line' id='line_1_7' title="bbox 92 783 1313 879; baseline -0.008 -17"><span class='ocrx_word' id='word_1_49' title='bbox 92 795 307 862; x_wconf 88' lang='lat' dir='ltr'><strong>nominatum:</strong></span> <span class='ocrx_word' id='word_1_50' title='bbox 340 804 374 859; x_wconf 90' lang='lat' dir='ltr'><strong>et</strong></span> <span class='ocrx_word' id='word_1_51' title='bbox 394 786 526 878; x_wconf 77' lang='lat' dir='ltr'><strong>Apollini</strong></span> <span class='ocrx_word' id='word_1_52' title='bbox 542 783 664 875; x_wconf 89' lang='lat' dir='ltr'><strong>templa</strong></span> <span class='ocrx_word' id='word_1_53' title='bbox 684 797 922 871; x_wconf 79' lang='lat' dir='ltr'><strong>consecrantur,</strong></span> <span class='ocrx_word' id='word_1_54' title='bbox 942 810 1028 878; x_wconf 81' lang='lat' dir='ltr'><strong>quae</strong></span> <span class='ocrx_word' id='word_1_55' title='bbox 1045 789 1091 859; x_wconf 82' lang='lat' dir='ltr'><strong>nb</strong></span> <span class='ocrx_word' id='word_1_56' title='bbox 1112 787 1230 879; x_wconf 60' lang='lat' dir='ltr'><strong>&lt;sacruto¹</strong></span> <span class='ocrx_word' id='word_1_57' title='bbox 1310 834 1313 841; x_wconf 85' lang='lat'><strong>.</strong></span> 
     </span>
     <span class='ocr_line' id='line_1_8' title="bbox 92 877 661 968; baseline -0.025 -18"><span class='ocrx_word' id='word_1_58' title='bbox 92 878 234 951; x_wconf 88' lang='lat' dir='ltr'><strong>Branchi</strong></span> <span class='ocrx_word' id='word_1_59' title='bbox 252 877 407 968; x_wconf 79' lang='lat' dir='ltr'><strong>pbileoio</strong></span> <span class='ocrx_word' id='word_1_60' title='bbox 426 882 661 965; x_wconf 80' lang='lat' dir='ltr'><strong>nuncupantur.</strong></span> 
     </span>
    </p>
   </div>
   <div class='ocr_carea' id='block_1_3' title="bbox 96 1097 1275 1435">
    <p class='ocr_par' dir='ltr' id='par_1_3' title="bbox 96 1097 1275 1435">
     <span class='ocr_line' id='line_1_9' title="bbox 304 1097 1272 1225; baseline 0.002 -31"><span class='ocrx_word' id='word_1_61' title='bbox 304 1104 318 1151; x_wconf 39' lang='lat'><strong>¹·</strong></span> <span class='ocrx_word' id='word_1_62' title='bbox 441 1118 551 1196; x_wconf 69' lang='lat'><strong>186.</strong></span> <span class='ocrx_word' id='word_1_63' title='bbox 604 1097 844 1220; x_wconf 80' lang='lat' dir='ltr'><strong>Mopsus.</strong></span> <span class='ocrx_word' id='word_1_64' title='bbox 1019 1220 1022 1225; x_wconf 21' lang='grc' dir='ltr'>Ι</span> <span class='ocrx_word' id='word_1_65' title='bbox 1269 1200 1272 1205; x_wconf 72' lang='grc'><strong>,</strong></span> 
     </span>
     <span class='ocr_line' id='line_1_10' title="bbox 181 1247 1254 1344; baseline 0.002 -23"><span class='ocrx_word' id='word_1_66' title='bbox 181 1256 336 1344; x_wconf 78' lang='lat' dir='ltr'><strong>Mopsus,</strong></span> <span class='ocrx_word' id='word_1_67' title='bbox 362 1249 509 1340; x_wconf 72' lang='lat' dir='ltr'><strong>opolinis</strong></span> <span class='ocrx_word' id='word_1_68' title='bbox 534 1259 568 1316; x_wconf 87' lang='lat' dir='ltr'><strong>et</strong></span> <span class='ocrx_word' id='word_1_69' title='bbox 587 1247 718 1323; x_wconf 72' lang='lat' dir='ltr'><strong>Mantus,</strong></span> <span class='ocrx_word' id='word_1_70' title='bbox 736 1249 836 1332; x_wconf 86' lang='lat' dir='ltr'><strong>filins,</strong></span> <span class='ocrx_word' id='word_1_71' title='bbox 869 1251 1006 1321; x_wconf 83' lang='lat' dir='ltr'><strong>amicitia</strong></span> <span class='ocrx_word' id='word_1_72' title='bbox 1026 1252 1132 1322; x_wconf 72' lang='lat' dir='ltr'><strong>laconi</strong></span> <span class='ocrx_word' id='word_1_73' title='bbox 1154 1270 1254 1323; x_wconf 70' lang='lat' dir='ltr'><strong>com.</strong></span> 
     </span>
     <span class='ocr_line' id='line_1_11' title="bbox 96 1335 1275 1435; baseline -0.006 -25"><span class='ocrx_word' id='word_1_74' title='bbox 96 1346 244 1435; x_wconf 70' lang='lat' dir='ltr'><strong>junctus,</strong></span> <span class='ocrx_word' id='word_1_75' title='bbox 269 1335 432 1413; x_wconf 75' lang='lat' dir='ltr'><strong>divinandi</strong></span> <span class='ocrx_word' id='word_1_76' title='bbox 453 1337 629 1407; x_wconf 82' lang='lat' dir='ltr'><strong>intantum</strong></span> <span class='ocrx_word' id='word_1_77' title='bbox 649 1336 755 1415; x_wconf 71' lang='lat' dir='ltr'><strong>estitit</strong></span> <span class='ocrx_word' id='word_1_78' title='bbox 773 1338 914 1425; x_wconf 87' lang='lat' dir='ltr'><strong>peritus,</strong></span> <span class='ocrx_word' id='word_1_79' title='bbox 943 1336 1031 1428; x_wconf 82' lang='lat' dir='ltr'><strong>qnod</strong></span> <span class='ocrx_word' id='word_1_80' title='bbox 1051 1352 1126 1431; x_wconf 84' lang='lat' dir='ltr'><strong>post</strong></span> <span class='ocrx_word' id='word_1_81' title='bbox 1145 1353 1275 1408; x_wconf 56' lang='lat' dir='ltr'><strong>monto</strong></span> 
     </span>
    </p>
   </div>
   <div class='ocr_carea' id='block_1_4' title="bbox 96 1420 1337 1621">
    <p class='ocr_par' dir='ltr' id='par_1_4' title="bbox 96 1420 1337 1621">
     <span class='ocr_line' id='line_1_12' title="bbox 96 1420 1337 1517; baseline -0.005 -20"><span class='ocrx_word' id='word_1_82' title='bbox 96 1446 163 1497; x_wconf 86' lang='lat' dir='ltr'><strong>tem</strong></span> <span class='ocrx_word' id='word_1_83' title='bbox 192 1429 223 1494; x_wconf 85' lang='lat' dir='ltr'><strong>ei</strong></span> <span class='ocrx_word' id='word_1_84' title='bbox 251 1426 368 1513; x_wconf 91' lang='lat' dir='ltr'><strong>templa</strong></span> <span class='ocrx_word' id='word_1_85' title='bbox 395 1420 502 1490; x_wconf 83' lang='lat' dir='ltr'><strong>dicata</strong></span> <span class='ocrx_word' id='word_1_86' title='bbox 528 1431 617 1505; x_wconf 87' lang='lat' dir='ltr'><strong>sunt,</strong></span> <span class='ocrx_word' id='word_1_87' title='bbox 647 1423 950 1517; x_wconf 81' lang='lat' dir='ltr'><strong>equorumadytis</strong></span> <span class='ocrx_word' id='word_1_88' title='bbox 972 1449 1072 1516; x_wconf 81' lang='lat' dir='ltr'><strong>saepe</strong></span> <span class='ocrx_word' id='word_1_89' title='bbox 1091 1428 1238 1496; x_wconf 83' lang='lat' dir='ltr'><strong>homines</strong></span> <span class='ocrx_word' id='word_1_90' title='bbox 1307 1474 1337 1495; x_wconf 82' lang='grc'><strong>,,</strong></span> 
     </span>
     <span class='ocr_line' id='line_1_13' title="bbox 96 1510 1151 1621; baseline -0.041 -37"><span class='ocrx_word' id='word_1_91' title='bbox 96 1536 256 1615; x_wconf 83' lang='lat' dir='ltr'><strong>responsa</strong></span> <span class='ocrx_word' id='word_1_92' title='bbox 277 1510 445 1599; x_wconf 87' lang='lat' dir='ltr'><strong>accipiunt.</strong></span> <span class='ocrx_word' id='word_1_93' title='bbox 481 1614 483 1621; x_wconf 17' lang='grc' dir='ltr'><strong><em>Α</em></strong></span> <span class='ocrx_word' id='word_1_94' title='bbox 809 1536 813 1543; x_wconf 87' lang='lat'>-</span> <span class='ocrx_word' id='word_1_95' title='bbox 1148 1534 1151 1541; x_wconf 92' lang='grc'><em>,</em></span> 
     </span>
    </p>
   </div>
   <div class='ocr_carea' id='block_1_5' title="bbox 509 1674 830 1829">
    <p class='ocr_par' dir='ltr' id='par_1_5' title="bbox 509 1674 830 1829">
     <span class='ocr_line' id='line_1_14' title="bbox 509 1674 830 1829; baseline -0.003 -27"><span class='ocrx_word' id='word_1_96' title='bbox 509 1674 604 1802; x_wconf 59' lang='lat' dir='ltr'><strong>ar(</strong></span> <span class='ocrx_word' id='word_1_97' title='bbox 633 1724 830 1829; x_wconf 64' lang='lat' dir='ltr'><strong>srayrr..</strong></span> 
     </span>
    </p>
   </div>
   <div class='ocr_carea' id='block_1_6' title="bbox 73 1836 1313 3236">
    <p class='ocr_par' dir='ltr' id='par_1_6' title="bbox 73 1836 1313 3236">
     <span class='ocr_line' id='line_1_15' title="bbox 185 1836 1241 2015; baseline 0.007 -87"><span class='ocrx_word' id='word_1_98' title='bbox 185 1841 340 1950; x_wconf 50' lang='lat' dir='ltr'><strong>‘Sibyllam</strong></span> <span class='ocrx_word' id='word_1_99' title='bbox 362 1858 416 1947; x_wconf 92' lang='lat' dir='ltr'><strong>pio</strong></span> <span class='ocrx_word' id='word_1_100' title='bbox 441 1852 550 1925; x_wconf 88' lang='lat' dir='ltr'><strong>amore</strong></span> <span class='ocrx_word' id='word_1_101' title='bbox 580 1853 689 2006; x_wconf 81' lang='lat' dir='ltr'><strong>Apollo</strong></span> <span class='ocrx_word' id='word_1_102' title='bbox 712 1854 836 1939; x_wconf 83' lang='lat' dir='ltr'><strong>dilexit,</strong></span> <span class='ocrx_word' id='word_1_103' title='bbox 873 1856 955 1927; x_wconf 88' lang='lat' dir='ltr'><strong>etei</strong></span> <span class='ocrx_word' id='word_1_104' title='bbox 971 1856 1130 2015; x_wconf 80' lang='lat' dir='ltr'><strong>poscendi</strong></span> <span class='ocrx_word' id='word_1_105' title='bbox 1151 1836 1241 1955; x_wconf 67' lang='lat' dir='ltr'><strong>quoti,</strong></span> 
     </span>
     <span class='ocr_line' id='line_1_16' title="bbox 104 1940 1284 2032; baseline 0.003 -18"><span class='ocrx_word' id='word_1_106' title='bbox 104 1946 197 2015; x_wconf 83' lang='lat' dir='ltr'><strong>vellet</strong></span> <span class='ocrx_word' id='word_1_107' title='bbox 218 1946 382 2013; x_wconf 75' lang='lat' dir='ltr'><strong>arbitrium</strong></span> <span class='ocrx_word' id='word_1_108' title='bbox 404 1944 525 2011; x_wconf 89' lang='lat' dir='ltr'><strong>obtulit.</strong></span> <span class='ocrx_word' id='word_1_109' title='bbox 576 1940 633 2008; x_wconf 89' lang='lat' dir='ltr'><strong>Ila</strong></span> <span class='ocrx_word' id='word_1_110' title='bbox 656 1944 800 2010; x_wconf 89' lang='lat' dir='ltr'><strong>manibus</strong></span> <span class='ocrx_word' id='word_1_111' title='bbox 822 1965 952 2012; x_wconf 84' lang='lat' dir='ltr'><strong>arenam</strong></span> <span class='ocrx_word' id='word_1_112' title='bbox 995 1951 1093 2032; x_wconf 87' lang='lat' dir='ltr'><strong>ausit,</strong></span> <span class='ocrx_word' id='word_1_113' title='bbox 1124 1963 1156 2020; x_wconf 85' lang='lat' dir='ltr'><strong>et</strong></span> <span class='ocrx_word' id='word_1_114' title='bbox 1175 1963 1284 2023; x_wconf 77' lang='lat' dir='ltr'><strong>tanam</strong></span> 
     </span>
     <span class='ocr_line' id='line_1_17' title="bbox 104 2028 1251 2127; baseline 0.003 -27"><span class='ocrx_word' id='word_1_115' title='bbox 104 2034 163 2100; x_wconf 81' lang='lat' dir='ltr'><strong>lon&#39;</strong></span> <span class='ocrx_word' id='word_1_116' title='bbox 185 2055 235 2098; x_wconf 90' lang='lat' dir='ltr'><strong>am</strong></span> <span class='ocrx_word' id='word_1_117' title='bbox 260 2032 353 2097; x_wconf 80' lang='lat' dir='ltr'><strong>ritant</strong></span> <span class='ocrx_word' id='word_1_118' title='bbox 374 2030 528 2120; x_wconf 83' lang='lat' dir='ltr'><strong>poposcit.</strong></span> <span class='ocrx_word' id='word_1_119' title='bbox 573 2029 635 2095; x_wconf 84' lang='lat' dir='ltr'><strong>cot</strong></span> <span class='ocrx_word' id='word_1_120' title='bbox 651 2028 764 2127; x_wconf 87' lang='lat' dir='ltr'><strong>Apollo</strong></span> <span class='ocrx_word' id='word_1_121' title='bbox 782 2030 957 2119; x_wconf 82' lang='lat' dir='ltr'><strong>respondit,</strong></span> <span class='ocrx_word' id='word_1_122' title='bbox 977 2032 1017 2099; x_wconf 77' lang='lat' dir='ltr'><strong>id</strong></span> <span class='ocrx_word' id='word_1_123' title='bbox 1031 2059 1132 2123; x_wconf 78' lang='lat' dir='ltr'><strong>posse</strong></span> <span class='ocrx_word' id='word_1_124' title='bbox 1142 2036 1251 2124; x_wconf 68' lang='lat' dir='ltr'><strong>fieri,</strong></span> 
     </span>
     <span class='ocr_line' id='line_1_18' title="bbox 104 2056 1248 2264; baseline 0.004 -80"><span class='ocrx_word' id='word_1_125' title='bbox 104 2109 146 2184; x_wconf 73' lang='grc' dir='ltr'><strong>εἴ</strong></span> <span class='ocrx_word' id='word_1_126' title='bbox 159 2056 417 2206; x_wconf 57' lang='grc' dir='ltr'><strong>ΞἸγιΙιναεανη,</strong></span> <span class='ocrx_word' id='word_1_127' title='bbox 449 2115 487 2181; x_wconf 84' lang='lat' dir='ltr'><strong>in</strong></span> <span class='ocrx_word' id='word_1_128' title='bbox 509 2138 585 2264; x_wconf 56' lang='lat' dir='ltr'><strong>pua</strong></span> <span class='ocrx_word' id='word_1_129' title='bbox 607 2111 809 2193; x_wconf 76' lang='lat' dir='ltr'><strong>babztabat,</strong></span> <span class='ocrx_word' id='word_1_130' title='bbox 840 2116 995 2184; x_wconf 78' lang='lat' dir='ltr'><strong>insulam</strong></span> <span class='ocrx_word' id='word_1_131' title='bbox 1026 2121 1248 2211; x_wconf 80' lang='lat' dir='ltr'><strong>relinqueret,</strong></span> 
     </span>
     <span class='ocr_line' id='line_1_19' title="bbox 106 2198 1247 2290; baseline 0.01 -23"><span class='ocrx_word' id='word_1_132' title='bbox 106 2215 140 2268; x_wconf 85' lang='lat' dir='ltr'><strong>et</strong></span> <span class='ocrx_word' id='word_1_133' title='bbox 162 2226 240 2267; x_wconf 84' lang='lat' dir='ltr'><strong>eam</strong></span> <span class='ocrx_word' id='word_1_134' title='bbox 259 2224 451 2289; x_wconf 78' lang='lat' dir='ltr'><strong>numquam</strong></span> <span class='ocrx_word' id='word_1_135' title='bbox 472 2200 509 2266; x_wconf 81' lang='lat' dir='ltr'><strong>vi</strong></span> <span class='ocrx_word' id='word_1_136' title='bbox 534 2209 615 2264; x_wconf 85' lang='lat' dir='ltr'><strong>eret.</strong></span> <span class='ocrx_word' id='word_1_137' title='bbox 656 2198 812 2271; x_wconf 76' lang='lat' dir='ltr'><strong>Profecto</strong></span> <span class='ocrx_word' id='word_1_138' title='bbox 839 2202 955 2289; x_wconf 78' lang='lat' dir='ltr'><strong>igitur,</strong></span> <span class='ocrx_word' id='word_1_139' title='bbox 991 2207 1112 2273; x_wconf 84' lang='lat' dir='ltr'><strong>Cumas</strong></span> <span class='ocrx_word' id='word_1_140' title='bbox 1132 2209 1247 2290; x_wconf 82' lang='lat' dir='ltr'><strong>tenuit,</strong></span> 
     </span>
     <span class='ocr_line' id='line_1_20' title="bbox 73 2283 1246 2388; baseline 0.004 -35"><span class='ocrx_word' id='word_1_141' title='bbox 73 2306 76 2311; x_wconf 89' lang='grc'><strong><em>·</em></strong></span> <span class='ocrx_word' id='word_1_142' title='bbox 108 2299 142 2354; x_wconf 86' lang='lat' dir='ltr'><strong>ot</strong></span> <span class='ocrx_word' id='word_1_143' title='bbox 160 2288 222 2355; x_wconf 86' lang='lat' dir='ltr'><strong>illic</strong></span> <span class='ocrx_word' id='word_1_144' title='bbox 242 2287 402 2355; x_wconf 85' lang='lat' dir='ltr'><strong>delectam</strong></span> <span class='ocrx_word' id='word_1_145' title='bbox 427 2285 570 2388; x_wconf 85' lang='lat' dir='ltr'><strong>corporis</strong></span> <span class='ocrx_word' id='word_1_146' title='bbox 590 2283 705 2351; x_wconf 84' lang='lat' dir='ltr'><strong>viribus</strong></span> <span class='ocrx_word' id='word_1_147' title='bbox 727 2286 820 2352; x_wconf 88' lang='lat' dir='ltr'><strong>vitam</strong></span> <span class='ocrx_word' id='word_1_148' title='bbox 840 2289 873 2352; x_wconf 94' lang='lat' dir='ltr'><strong>in</strong></span> <span class='ocrx_word' id='word_1_149' title='bbox 902 2288 970 2356; x_wconf 87' lang='lat' dir='ltr'><strong>sola</strong></span> <span class='ocrx_word' id='word_1_150' title='bbox 998 2315 1079 2358; x_wconf 85' lang='lat' dir='ltr'><strong>voce</strong></span> <span class='ocrx_word' id='word_1_151' title='bbox 1107 2294 1246 2362; x_wconf 88' lang='lat' dir='ltr'><strong>retinuit.</strong></span> 
     </span>
     <span class='ocr_line' id='line_1_21' title="bbox 108 2371 1290 2463; baseline 0.005 -24"><span class='ocrx_word' id='word_1_152' title='bbox 108 2373 207 2450; x_wconf 79' lang='lat' dir='ltr'><strong>Quod</strong></span> <span class='ocrx_word' id='word_1_153' title='bbox 222 2392 325 2463; x_wconf 64' lang='lat' dir='ltr'><strong>quum</strong></span> <span class='ocrx_word' id='word_1_154' title='bbox 354 2376 448 2441; x_wconf 80' lang='lat' dir='ltr'><strong>cives.</strong></span> <span class='ocrx_word' id='word_1_155' title='bbox 469 2394 542 2462; x_wconf 76' lang='lat' dir='ltr'><strong>ejus·</strong></span> <span class='ocrx_word' id='word_1_156' title='bbox 568 2371 793 2457; x_wconf 76' lang='lat' dir='ltr'><strong>cognovissent</strong></span> <span class='ocrx_word' id='word_1_157' title='bbox 818 2374 901 2459; x_wconf 76' lang='lat' dir='ltr'><strong>(sire</strong></span> <span class='ocrx_word' id='word_1_158' title='bbox 928 2375 1061 2458; x_wconf 65' lang='lat' dir='ltr'><strong>insidia,</strong></span> <span class='ocrx_word' id='word_1_159' title='bbox 1095 2378 1161 2445; x_wconf 86' lang='lat' dir='ltr'><strong>sive</strong></span> <span class='ocrx_word' id='word_1_160' title='bbox 1188 2381 1290 2452; x_wconf 73' lang='lat' dir='ltr'><strong>mi-ao</strong></span> 
     </span>
     <span class='ocr_line' id='line_1_22' title="bbox 111 2456 1248 2554; baseline 0.004 -27"><span class='ocrx_word' id='word_1_161' title='bbox 111 2460 273 2527; x_wconf 84' lang='lat' dir='ltr'><strong>seratione</strong></span> <span class='ocrx_word' id='word_1_162' title='bbox 301 2457 490 2546; x_wconf 83' lang='lat' dir='ltr'><strong>commoti),</strong></span> <span class='ocrx_word' id='word_1_163' title='bbox 526 2456 556 2523; x_wconf 87' lang='lat' dir='ltr'><strong>ei</strong></span> <span class='ocrx_word' id='word_1_164' title='bbox 593 2457 746 2524; x_wconf 82' lang='lat' dir='ltr'><strong>miserunt</strong></span> <span class='ocrx_word' id='word_1_165' title='bbox 776 2460 959 2546; x_wconf 80' lang='lat' dir='ltr'><strong>epistolam,</strong></span> <span class='ocrx_word' id='word_1_166' title='bbox 997 2477 1087 2532; x_wconf 88' lang='lat' dir='ltr'><strong>crota</strong></span> <span class='ocrx_word' id='word_1_167' title='bbox 1116 2465 1248 2554; x_wconf 84' lang='lat' dir='ltr'><strong>antiquo</strong></span> 
     </span>
     <span class='ocr_line' id='line_1_23' title="bbox 109 2541 1250 2633; baseline 0.004 -20"><span class='ocrx_word' id='word_1_168' title='bbox 109 2568 201 2613; x_wconf 86' lang='lat' dir='ltr'><strong>more</strong></span> <span class='ocrx_word' id='word_1_169' title='bbox 233 2547 402 2633; x_wconf 79' lang='lat' dir='ltr'><strong>signatam.</strong></span> <span class='ocrx_word' id='word_1_170' title='bbox 453 2545 527 2619; x_wconf 81' lang='lat' dir='ltr'><strong>Qua</strong></span> <span class='ocrx_word' id='word_1_171' title='bbox 553 2541 638 2623; x_wconf 71' lang='lat' dir='ltr'><strong>usa,</strong></span> <span class='ocrx_word' id='word_1_172' title='bbox 675 2542 707 2607; x_wconf 90' lang='lat' dir='ltr'><strong>in</strong></span> <span class='ocrx_word' id='word_1_173' title='bbox 739 2557 873 2612; x_wconf 90' lang='lat' dir='ltr'><strong>mortem</strong></span> <span class='ocrx_word' id='word_1_174' title='bbox 909 2559 958 2614; x_wconf 89' lang='lat' dir='ltr'><strong>est</strong></span> <span class='ocrx_word' id='word_1_175' title='bbox 984 2549 1097 2617; x_wconf 92' lang='lat' dir='ltr'><strong>soluta.</strong></span> <span class='ocrx_word' id='word_1_176' title='bbox 1151 2548 1250 2619; x_wconf 77' lang='lat' dir='ltr'><strong>Unde</strong></span> 
     </span>
     <span class='ocr_line' id='line_1_24' title="bbox 112 2629 1249 2723; baseline 0.001 -22"><span class='ocrx_word' id='word_1_177' title='bbox 112 2632 254 2701; x_wconf 84' lang='lat' dir='ltr'><strong>nonnulli</strong></span> <span class='ocrx_word' id='word_1_178' title='bbox 275 2633 359 2698; x_wconf 87' lang='lat' dir='ltr'><strong>hanc</strong></span> <span class='ocrx_word' id='word_1_179' title='bbox 379 2653 454 2700; x_wconf 80' lang='lat' dir='ltr'><strong>esse</strong></span> <span class='ocrx_word' id='word_1_180' title='bbox 472 2630 599 2709; x_wconf 79' lang='lat' dir='ltr'><strong>dicunt,</strong></span> <span class='ocrx_word' id='word_1_181' title='bbox 636 2650 719 2716; x_wconf 85' lang='lat' dir='ltr'><strong>quae</strong></span> <span class='ocrx_word' id='word_1_182' title='bbox 734 2629 888 2697; x_wconf 83' lang='lat' dir='ltr'><strong>-Romana</strong></span> <span class='ocrx_word' id='word_1_183' title='bbox 917 2633 983 2701; x_wconf 87' lang='lat' dir='ltr'><strong>fata</strong></span> <span class='ocrx_word' id='word_1_184' title='bbox 1005 2635 1249 2723; x_wconf 76' lang='lat' dir='ltr'><strong>conscripserat,</strong></span> 
     </span>
     <span class='ocr_line' id='line_1_25' title="bbox 112 2713 1250 2806; baseline 0.005 -23"><span class='ocrx_word' id='word_1_185' title='bbox 112 2717 199 2805; x_wconf 86' lang='lat' dir='ltr'><strong>qnod</strong></span> <span class='ocrx_word' id='word_1_186' title='bbox 219 2719 350 2783; x_wconf 87' lang='lat' dir='ltr'><strong>incenso</strong></span> <span class='ocrx_word' id='word_1_187' title='bbox 373 2715 519 2806; x_wconf 76' lang='lat' dir='ltr'><strong>Apollinis</strong></span> <span class='ocrx_word' id='word_1_188' title='bbox 549 2713 685 2801; x_wconf 84' lang='lat' dir='ltr'><strong>templo,</strong></span> <span class='ocrx_word' id='word_1_189' title='bbox 716 2715 791 2782; x_wconf 87' lang='lat' dir='ltr'><strong>inde</strong></span> <span class='ocrx_word' id='word_1_190' title='bbox 813 2714 952 2786; x_wconf 73' lang='lat' dir='ltr'><strong>Romana</strong></span> <span class='ocrx_word' id='word_1_191' title='bbox 969 2720 1052 2791; x_wconf 83' lang='lat' dir='ltr'><strong>allati</strong></span> <span class='ocrx_word' id='word_1_192' title='bbox 1073 2735 1148 2792; x_wconf 82' lang='lat' dir='ltr'><strong>sunt</strong></span> <span class='ocrx_word' id='word_1_193' title='bbox 1167 2722 1250 2806; x_wconf 79' lang='lat' dir='ltr'><strong>libri,</strong></span> 
     </span>
     <span class='ocr_line' id='line_1_26' title="bbox 114 2800 1313 2892; baseline 0.009 -23"><span class='ocrx_word' id='word_1_194' title='bbox 114 2802 201 2869; x_wconf 91' lang='lat' dir='ltr'><strong>unde</strong></span> <span class='ocrx_word' id='word_1_195' title='bbox 233 2805 316 2870; x_wconf 87' lang='lat' dir='ltr'><strong>haec</strong></span> <span class='ocrx_word' id='word_1_196' title='bbox 356 2802 468 2869; x_wconf 84' lang='lat' dir='ltr'><strong>luerat.</strong></span> <span class='ocrx_word' id='word_1_197' title='bbox 508 2800 641 2891; x_wconf 85' lang='lat' dir='ltr'><strong>¹Sibylla</strong></span> <span class='ocrx_word' id='word_1_198' title='bbox 682 2813 786 2870; x_wconf 90' lang='lat' dir='ltr'><strong>autem</strong></span> <span class='ocrx_word' id='word_1_199' title='bbox 827 2803 1028 2872; x_wconf 69' lang='lat' dir='ltr'><strong>Phemonoe⁴</strong></span> <span class='ocrx_word' id='word_1_200' title='bbox 1061 2807 1148 2891; x_wconf 79' lang='lat' dir='ltr'><strong>dicta</strong></span> <span class='ocrx_word' id='word_1_201' title='bbox 1183 2810 1313 2892; x_wconf 51' lang='lat' dir='ltr'><strong>est325‘</strong></span> 
     </span>
     <span class='ocr_line' id='line_1_27' title="bbox 115 2887 1252 2980; baseline 0.008 -26"><span class='ocrx_word' id='word_1_202' title='bbox 115 2913 188 2955; x_wconf 88' lang='lat' dir='ltr'><strong>nam</strong></span> <span class='ocrx_word' id='word_1_203' title='bbox 229 2888 419 2978; x_wconf 81' lang='lat' dir='ltr'><strong>adjectitum</strong></span> <span class='ocrx_word' id='word_1_204' title='bbox 456 2898 506 2954; x_wconf 86' lang='lat' dir='ltr'><strong>est</strong></span> <span class='ocrx_word' id='word_1_205' title='bbox 533 2909 664 2953; x_wconf 83' lang='lat' dir='ltr'><strong>nomen.</strong></span> <span class='ocrx_word' id='word_1_206' title='bbox 727 2887 846 2980; x_wconf 79' lang='lat' dir='ltr'><strong>Sibylla</strong></span> <span class='ocrx_word' id='word_1_207' title='bbox 879 2890 976 2963; x_wconf 76' lang='lat' dir='ltr'><strong>enim,</strong></span> <span class='ocrx_word' id='word_1_208' title='bbox 998 2891 1114 2961; x_wconf 75' lang='lat' dir='ltr'><strong>dicitur</strong></span> <span class='ocrx_word' id='word_1_209' title='bbox 1150 2895 1252 2964; x_wconf 85' lang='lat' dir='ltr'><strong>omnis</strong></span> 
     </span>
     <span class='ocr_line' id='line_1_28' title="bbox 115 2971 1252 3063; baseline 0.008 -23"><span class='ocrx_word' id='word_1_210' title='bbox 115 2974 235 3063; x_wconf 82' lang='lat' dir='ltr'><strong>puella,</strong></span> <span class='ocrx_word' id='word_1_211' title='bbox 269 2974 358 3063; x_wconf 87' lang='lat' dir='ltr'><strong>cujus</strong></span> <span class='ocrx_word' id='word_1_212' title='bbox 387 2986 498 3062; x_wconf 88' lang='lat' dir='ltr'><strong>pectus</strong></span> <span class='ocrx_word' id='word_1_213' title='bbox 531 2995 647 3039; x_wconf 90' lang='lat' dir='ltr'><strong>numen</strong></span> <span class='ocrx_word' id='word_1_214' title='bbox 674 2971 796 3062; x_wconf 83' lang='lat' dir='ltr'><strong>recipit.</strong></span> <span class='ocrx_word' id='word_1_215' title='bbox 848 2973 950 3059; x_wconf 87' lang='lat' dir='ltr'><strong>Nam,</strong></span> <span class='ocrx_word' id='word_1_216' title='bbox 984 2993 1020 3046; x_wconf 90' lang='lat' dir='ltr'><strong>ut</strong></span> <span class='ocrx_word' id='word_1_217' title='bbox 1048 2981 1099 3047; x_wconf 91' lang='lat' dir='ltr'><strong>alii</strong></span> <span class='ocrx_word' id='word_1_218' title='bbox 1118 2979 1252 3061; x_wconf 72' lang='lat' dir='ltr'><strong>uiuunt,</strong></span> 
     </span>
     <span class='ocr_line' id='line_1_29' title="bbox 114 3054 1254 3162; baseline 0.011 -38"><span class='ocrx_word' id='word_1_219' title='bbox 114 3056 183 3136; x_wconf 70' lang='grc' dir='ltr'><strong>σιός</strong></span> <span class='ocrx_word' id='word_1_220' title='bbox 204 3061 301 3140; x_wconf 76' lang='lat' dir='ltr'><strong>deos,</strong></span> <span class='ocrx_word' id='word_1_221' title='bbox 321 3054 429 3162; x_wconf 64' lang='lat' dir='ltr'><strong>poblo]</strong></span> <span class='ocrx_word' id='word_1_222' title='bbox 449 3069 556 3126; x_wconf 83' lang='lat' dir='ltr'><strong>autem</strong></span> <span class='ocrx_word' id='word_1_223' title='bbox 577 3075 626 3126; x_wconf 88' lang='lat' dir='ltr'><strong>est</strong></span> <span class='ocrx_word' id='word_1_224' title='bbox 658 3059 842 3131; x_wconf 69' lang='lat' dir='ltr'><strong>cententio.</strong></span> <span class='ocrx_word' id='word_1_225' title='bbox 870 3059 978 3150; x_wconf 85' lang='lat' dir='ltr'><strong>Igitur</strong></span> <span class='ocrx_word' id='word_1_226' title='bbox 998 3064 1139 3159; x_wconf 73' lang='lat' dir='ltr'><strong>Sibyllae</strong></span> <span class='ocrx_word' id='word_1_227' title='bbox 1161 3067 1254 3159; x_wconf 88' lang='lat' dir='ltr'><strong>quasi</strong></span> 
     </span>
     <span class='ocr_line' id='line_1_30' title="bbox 118 3143 986 3236; baseline 0.002 -24"><span class='ocrx_word' id='word_1_228' title='bbox 118 3143 453 3236; x_wconf 78' lang='lat' dir='ltr'><strong>Siobcloadrxerunt.</strong></span> <span class='ocrx_word' id='word_1_229' title='bbox 982 3148 986 3155; x_wconf 81' lang='grc'><strong>’</strong></span> 
     </span>
    </p>
   </div>
   <div class='ocr_carea' id='block_1_7' title="bbox 421 3326 1300 3499">
    <p class='ocr_par' dir='ltr' id='par_1_7' title="bbox 421 3326 1300 3499">
     <span class='ocr_line' id='line_1_31' title="bbox 421 3326 1300 3499; baseline 0.007 -28"><span class='ocrx_word' id='word_1_230' title='bbox 421 3397 489 3471; x_wconf 86' lang='lat' dir='ltr'><strong>aa.</strong></span> <span class='ocrx_word' id='word_1_231' title='bbox 544 3326 948 3499; x_wconf 59' lang='lat' dir='ltr'><strong>urnrrsmynsl.</strong></span> <span class='ocrx_word' id='word_1_232' title='bbox 1058 3356 1060 3360; x_wconf 27' lang='lat'><strong>¹</strong></span> <span class='ocrx_word' id='word_1_233' title='bbox 1262 3425 1300 3477; x_wconf 67' lang='lat' dir='ltr'><strong>a.</strong></span> 
     </span>
    </p>
   </div>
   <div class='ocr_carea' id='block_1_8' title="bbox 120 3523 1332 4307">
    <p class='ocr_par' dir='ltr' id='par_1_8' title="bbox 120 3523 1332 4307">
     <span class='ocr_line' id='line_1_32' title="bbox 206 3523 1332 3615; baseline 0 -16"><span class='ocrx_word' id='word_1_234' title='bbox 206 3532 362 3610; x_wconf 76' lang='lat' dir='ltr'><strong>Constat,</strong></span> <span class='ocrx_word' id='word_1_235' title='bbox 388 3537 546 3615; x_wconf 80' lang='lat' dir='ltr'><strong>regnante</strong></span> <span class='ocrx_word' id='word_1_236' title='bbox 569 3523 764 3612; x_wconf 76' lang='lat' dir='ltr'><strong>Tarquinio,</strong></span> <span class='ocrx_word' id='word_1_237' title='bbox 798 3529 958 3615; x_wconf 91' lang='lat' dir='ltr'><strong>quandam</strong></span> <span class='ocrx_word' id='word_1_238' title='bbox 981 3528 1143 3597; x_wconf 90' lang='lat' dir='ltr'><strong>mulierem</strong></span> <span class='ocrx_word' id='word_1_239' title='bbox 1164 3532 1261 3598; x_wconf 88' lang='lat' dir='ltr'><strong>obtn-</strong></span> <span class='ocrx_word' id='word_1_240' title='bbox 1287 3550 1298 3573; x_wconf 71' lang='lat'>¹</span> <span class='ocrx_word' id='word_1_241' title='bbox 1330 3594 1332 3599; x_wconf 81' lang='grc'>,</span> 
     </span>
     <span class='ocr_line' id='line_1_33' title="bbox 121 3608 1281 3703; baseline 0 -19"><span class='ocrx_word' id='word_1_242' title='bbox 121 3619 194 3686; x_wconf 82' lang='lat' dir='ltr'><strong>lissa</strong></span> <span class='ocrx_word' id='word_1_243' title='bbox 215 3618 245 3683; x_wconf 92' lang='lat' dir='ltr'><strong>ei</strong></span> <span class='ocrx_word' id='word_1_244' title='bbox 269 3639 381 3682; x_wconf 89' lang='lat' dir='ltr'><strong>novem</strong></span> <span class='ocrx_word' id='word_1_245' title='bbox 404 3614 501 3678; x_wconf 88' lang='lat' dir='ltr'><strong>libros</strong></span> <span class='ocrx_word' id='word_1_246' title='bbox 523 3611 580 3678; x_wconf 86' lang='lat' dir='ltr'><strong>Sib</strong></span> <span class='ocrx_word' id='word_1_247' title='bbox 594 3608 663 3675; x_wconf 88' lang='lat' dir='ltr'><strong>llae</strong></span> <span class='ocrx_word' id='word_1_248' title='bbox 679 3613 860 3694; x_wconf 77' lang='lat' dir='ltr'><strong>Cumanae,</strong></span> <span class='ocrx_word' id='word_1_249' title='bbox 877 3616 1053 3683; x_wconf 90' lang='lat' dir='ltr'><strong>secundum</strong></span> <span class='ocrx_word' id='word_1_250' title='bbox 1076 3616 1281 3703; x_wconf 53' lang='lat' dir='ltr'><strong>Virgilium*</strong></span> 
     </span>
     <span class='ocr_line' id='line_1_34' title="bbox 120 3636 1264 3792; baseline -0.001 -21"><span class='ocrx_word' id='word_1_251' title='bbox 120 3702 300 3772; x_wconf 85' lang='lat' dir='ltr'><strong>&#39;secundum</strong></span> <span class='ocrx_word' id='word_1_252' title='bbox 338 3702 513 3768; x_wconf 83' lang='lat' dir='ltr'><strong>Varronem</strong></span> <span class='ocrx_word' id='word_1_253' title='bbox 558 3636 768 3785; x_wconf 72' lang='lat' dir='ltr'><strong>Elythraeae.</strong></span> <span class='ocrx_word' id='word_1_254' title='bbox 822 3699 859 3766; x_wconf 92' lang='lat' dir='ltr'><strong>In</strong></span> <span class='ocrx_word' id='word_1_255' title='bbox 898 3704 1010 3792; x_wconf 67' lang='lat' dir='ltr'><strong>quibus</strong></span> <span class='ocrx_word' id='word_1_256' title='bbox 1049 3701 1133 3770; x_wconf 87' lang='lat' dir='ltr'><strong>libris</strong></span> <span class='ocrx_word' id='word_1_257' title='bbox 1170 3714 1264 3770; x_wconf 89' lang='lat' dir='ltr'><strong>erant</strong></span> 
     </span>
     <span class='ocr_line' id='line_1_35' title="bbox 124 3787 1322 3879; baseline -0.001 -23"><span class='ocrx_word' id='word_1_258' title='bbox 124 3792 189 3858; x_wconf 86' lang='lat' dir='ltr'><strong>lata</strong></span> <span class='ocrx_word' id='word_1_259' title='bbox 209 3799 245 3856; x_wconf 90' lang='lat' dir='ltr'><strong>et</strong></span> <span class='ocrx_word' id='word_1_260' title='bbox 266 3787 406 3854; x_wconf 80' lang='lat' dir='ltr'><strong>remedia</strong></span> <span class='ocrx_word' id='word_1_261' title='bbox 436 3788 674 3865; x_wconf 66' lang='lat' dir='ltr'><strong>Romanorum</strong></span> <span class='ocrx_word' id='word_1_262' title='bbox 706 3795 739 3852; x_wconf 89' lang='lat' dir='ltr'><strong>et</strong></span> <span class='ocrx_word' id='word_1_263' title='bbox 760 3806 818 3872; x_wconf 91' lang='lat' dir='ltr'><strong>pro</strong></span> <span class='ocrx_word' id='word_1_264' title='bbox 846 3787 896 3852; x_wconf 84' lang='lat' dir='ltr'><strong>his</strong></span> <span class='ocrx_word' id='word_1_265' title='bbox 921 3789 1067 3879; x_wconf 81' lang='lat' dir='ltr'><strong>poposcit</strong></span> <span class='ocrx_word' id='word_1_266' title='bbox 1098 3799 1260 3856; x_wconf 86' lang='lat' dir='ltr'><strong>trecentos¹</strong></span> <span class='ocrx_word' id='word_1_267' title='bbox 1320 3796 1322 3801; x_wconf 85' lang='lat'>&#39;</span> 
     </span>
     <span class='ocr_line' id='line_1_36' title="bbox 122 3871 1303 3965; baseline -0.002 -23"><span class='ocrx_word' id='word_1_268' title='bbox 122 3874 329 3965; x_wconf 82' lang='lat' dir='ltr'><strong>philippicas,</strong></span> <span class='ocrx_word' id='word_1_269' title='bbox 369 3872 422 3959; x_wconf 79' lang='lat' dir='ltr'><strong>qni</strong></span> <span class='ocrx_word' id='word_1_270' title='bbox 453 3885 530 3939; x_wconf 93' lang='lat' dir='ltr'><strong>tunc</strong></span> <span class='ocrx_word' id='word_1_271' title='bbox 560 3871 689 3957; x_wconf 86' lang='lat' dir='ltr'><strong>pretiosi</strong></span> <span class='ocrx_word' id='word_1_272' title='bbox 718 3882 817 3938; x_wconf 86' lang='lat' dir='ltr'><strong>erant.</strong></span> <span class='ocrx_word' id='word_1_273' title='bbox 860 3874 953 3949; x_wconf 81' lang='lat' dir='ltr'><strong>Quae</strong></span> <span class='ocrx_word' id='word_1_274' title='bbox 988 3885 1163 3955; x_wconf 84' lang='lat' dir='ltr'><strong>contemta,</strong></span> <span class='ocrx_word' id='word_1_275' title='bbox 1201 3873 1303 3949; x_wconf 70' lang='lat' dir='ltr'><strong>alioas</strong></span> 
     </span>
     <span class='ocr_line' id='line_1_37' title="bbox 125 3958 1282 4051; baseline 0.003 -22"><span class='ocrx_word' id='word_1_276' title='bbox 125 3961 304 4043; x_wconf 73' lang='lat' dir='ltr'><strong>dietribns</strong></span> <span class='ocrx_word' id='word_1_277' title='bbox 323 3958 477 4034; x_wconf 82' lang='lat' dir='ltr'><strong>incensis,</strong></span> <span class='ocrx_word' id='word_1_278' title='bbox 504 3978 633 4023; x_wconf 85' lang='lat' dir='ltr'><strong>reversa</strong></span> <span class='ocrx_word' id='word_1_279' title='bbox 655 3967 722 4037; x_wconf 88' lang='lat' dir='ltr'><strong>est,</strong></span> <span class='ocrx_word' id='word_1_280' title='bbox 751 3969 783 4024; x_wconf 91' lang='lat' dir='ltr'><strong>et</strong></span> <span class='ocrx_word' id='word_1_281' title='bbox 812 3963 938 4051; x_wconf 87' lang='lat' dir='ltr'><strong>accepit</strong></span> <span class='ocrx_word' id='word_1_282' title='bbox 973 3975 1126 4050; x_wconf 88' lang='lat' dir='ltr'><strong>quantum</strong></span> <span class='ocrx_word' id='word_1_283' title='bbox 1154 3970 1282 4050; x_wconf 60' lang='lat' dir='ltr'><strong>postue.</strong></span> 
     </span>
     <span class='ocr_line' id='line_1_38' title="bbox 125 4042 1264 4136; baseline -0.004 -20"><span class='ocrx_word' id='word_1_284' title='bbox 125 4048 214 4117; x_wconf 66' lang='lat' dir='ltr'><strong>lauit.=</strong></span> <span class='ocrx_word' id='word_1_285' title='bbox 254 4045 319 4120; x_wconf 86' lang='lat' dir='ltr'><strong>Qui</strong></span> <span class='ocrx_word' id='word_1_286' title='bbox 335 4044 407 4109; x_wconf 80' lang='lat' dir='ltr'><strong>lion</strong></span> <span class='ocrx_word' id='word_1_287' title='bbox 429 4042 666 4109; x_wconf 71' lang='lat' dir='ltr'><strong>‹lilirentissime</strong></span> <span class='ocrx_word' id='word_1_288' title='bbox 686 4042 718 4107; x_wconf 93' lang='lat' dir='ltr'><strong>in</strong></span> <span class='ocrx_word' id='word_1_289' title='bbox 739 4045 857 4132; x_wconf 87' lang='lat' dir='ltr'><strong>templo</strong></span> <span class='ocrx_word' id='word_1_290' title='bbox 877 4046 1025 4136; x_wconf 85' lang='lat' dir='ltr'><strong>Apollinis</strong></span> <span class='ocrx_word' id='word_1_291' title='bbox 1047 4049 1264 4116; x_wconf 81' lang='lat' dir='ltr'><strong>servabantur.</strong></span> 
     </span>
     <span class='ocr_line' id='line_1_39' title="bbox 128 4096 1264 4223; baseline -0.003 -22"><span class='ocrx_word' id='word_1_292' title='bbox 128 4133 295 4221; x_wconf 82' lang='lat' dir='ltr'><strong>&#39;l&#39;empo&#39;re</strong></span> <span class='ocrx_word' id='word_1_293' title='bbox 317 4129 412 4195; x_wconf 85' lang='lat' dir='ltr'><strong>civilis</strong></span> <span class='ocrx_word' id='word_1_294' title='bbox 435 4096 507 4195; x_wconf 82' lang='lat' dir='ltr'><strong>belli</strong></span> <span class='ocrx_word' id='word_1_295' title='bbox 523 4128 591 4218; x_wconf 86' lang='lat' dir='ltr'><strong>jam</strong></span> <span class='ocrx_word' id='word_1_296' title='bbox 613 4150 671 4214; x_wconf 83' lang='lat' dir='ltr'><strong>per</strong></span> <span class='ocrx_word' id='word_1_297' title='bbox 693 4129 845 4217; x_wconf 91' lang='lat' dir='ltr'><strong>populum</strong></span> <span class='ocrx_word' id='word_1_298' title='bbox 874 4135 1013 4202; x_wconf 88' lang='lat' dir='ltr'><strong>carmina</strong></span> <span class='ocrx_word' id='word_1_299' title='bbox 1042 4135 1264 4223; x_wconf 65' lang='lat' dir='ltr'><strong>vulgabantun</strong></span> 
     </span>
     <span class='ocr_line' id='line_1_40' title="bbox 130 4214 849 4307; baseline -0.001 -20"><span class='ocrx_word' id='word_1_300' title='bbox 130 4231 164 4289; x_wconf 86' lang='lat' dir='ltr'><strong>et</strong></span> <span class='ocrx_word' id='word_1_301' title='bbox 184 4217 268 4287; x_wconf 83' lang='lat' dir='ltr'><strong>mula</strong></span> <span class='ocrx_word' id='word_1_302' title='bbox 287 4216 425 4307; x_wconf 82' lang='lat' dir='ltr'><strong>Romani</strong></span> <span class='ocrx_word' id='word_1_303' title='bbox 448 4217 503 4284; x_wconf 78' lang='lat' dir='ltr'><strong>tbti</strong></span> <span class='ocrx_word' id='word_1_304' title='bbox 522 4214 668 4282; x_wconf 89' lang='lat' dir='ltr'><strong>omnibus</strong></span> <span class='ocrx_word' id='word_1_305' title='bbox 690 4217 849 4304; x_wconf 86' lang='lat' dir='ltr'><strong>patebant.</strong></span> 
     </span>
    </p>
   </div>
   <div class='ocr_carea' id='block_1_9' title="bbox 0 0 1390 4606">
    <p class='ocr_par' dir='ltr' id='par_1_9' title="bbox 0 0 1390 4606">
     <span class='ocr_line' id='line_1_41' title="bbox 0 0 1390 4606; baseline 0 0"><span class='ocrx_word' id='word_1_306' title='bbox 0 0 1390 4606; x_wconf 95' lang='lat' dir='ltr'><strong> </strong></span> 
     </span>
    </p>
   </div>
   <div class='ocr_carea' id='block_1_10' title="bbox 658 4457 891 4503">
    <p class='ocr_par' dir='ltr' id='par_1_10' title="bbox 658 4457 891 4503">
     <span class='ocr_line' id='line_1_42' title="bbox 658 4457 891 4503; baseline -0.004 -30"><span class='ocrx_word' id='word_1_307' title='bbox 658 4457 891 4503; x_wconf 48' lang='grc' dir='ltr'><strong>,,Ι,</strong></span> 
     </span>
    </p>
   </div>
  </div>
 </body>
</html>
