2684 4606
179 239 184 251 ,
277 146 304 176 ·‘
389 115 803 258 uynognnrs..
890 222 895 239 χ
992 82 997 103 ¹
1135 151 1246 269 as¹

54 344 189 437 Cepheo
218 342 481 432 ethssiopeia,
509 326 693 431 parentibus
721 304 869 429 ulgus,
897 351 935 410 nt
953 340 1012 409 sibl
1030 341 1190 439 matrimo-
1257 314 1262 325 ’

23 482 25 488 .
54 434 105 498 nio
120 433 317 524 jungerent,
347 430 374 497 si
401 427 527 501 belnam
556 427 777 496 interemisset.
817 426 971 523 Perfecto
992 428 1091 515 igitur
1109 430 1191 495 Per-

55 541 127 586 seos
154 517 312 608 pollicito,
345 537 443 606 quum
470 512 552 580 fides
602 513 736 580 romissa
767 535 787 579 a
817 512 951 600 Cepheo
984 527 1070 582 esset
1098 537 1191 602 prae-

55 604 137 683 stita,
170 615 206 671 et
229 603 412 690 nuptiarum
440 597 560 751 wdug
590 600 653 666 ium
679 598 779 687 epulis
809 598 965 687 principes
993 599 1191 681 interessent,

55 685 215 770 Phineus,
249 689 301 755 cui
331 685 534 753 Andromea
562 696 638 752 aute
662 684 767 751 suerat
789 683 998 771 desponsata,
1026 698 1214 752 contumeo

55 773 126 841 liam
156 774 218 842 sibi
249 773 430 843 existimans
460 771 679 859 gravissimam
708 770 898 859 injunctam,
935 768 1023 856 quod
1051 771 1194 839 advenae

56 859 315 962 consanguineus
346 856 542 946 postpositus
572 866 676 935 esset,
710 857 905 923 vescentium
933 856 1055 923 animos
1083 879 1194 944 pugna

56 945 211 1013 confudit.
252 946 298 1014 Et
323 965 423 1045 quum
447 964 501 1010 res
528 939 714 1010 miserabilis
740 940 956 1046 dimicantium
984 959 1137 1030 ageretur
1160 943 1193 1008 in

54 1053 166 1198 libsgdl:
191 1027 597 1194 fficifflpmpxnpvtsspnnz
619 1029 1235 1205 lddddeddlmpldrbllllddcddssurbultllb·lo

57 1201 163 1269 dinem
200 1199 481 1279 adversariorum,
508 1207 606 1288 ceput
633 1199 799 1289 Gorgonis
828 1197 958 1272 extum*
1008 1199 1083 1280 Quo
1117 1201 1196 1284 riso,

56 1286 200 1357 Phineus
221 1309 296 1356 oum
316 1283 539 1355 auxilantibns
558 1282 700 1373 diriguit
1143 1300 1145 1309 ·
1235 1325 1239 1333 -

243 1454 316 1554 74.
357 1479 653 1580 Tarquinius
688 1488 733 1554 et
765 1476 1000 1554 Lucretia.

141 1625 340 1713 Tarquinius
367 1627 533 1716 Superbus
560 1627 673 1695 babuit
702 1623 843 1716 perditos
874 1627 973 1709 filios,
1006 1627 1090 1694 iuter
1114 1647 1199 1717 qrros.
1277 1634 1281 1641 '

56 1711 237 1778 Arruntem.
281 1711 346 1787 Qui
366 1712 442 1779 dum
463 1712 496 1779 in
517 1714 629 1781 castris
653 1725 756 1793 esset,
784 1725 877 1800 patre
897 1738 956 1781 suo
979 1712 1117 1779 Ardeam
1138 1713 1195 1779 ob·
1204 1728 1239 1778 15
1274 1717 1277 1721 ’

56 1795 201 1878 sidente,
221 1807 254 1863 et
275 1809 365 1864 ortos
386 1809 474 1866 esset
493 1798 576 1866 inter
598 1821 671 1866 eum
692 1810 725 1866 et
745 1797 946 1881 Collatinum,
970 1800 1119 1866 maritum
1129 1799 1198 1865 Lu·
1308 1805 1312 1821 '

56 1881 196 1964 crestae,
230 1881 274 1947 de
300 1884 452 1951 uxoribus
487 1905 610 1966 sermo,
654 1904 797 1971 eousque
834 1884 989 1971 processit
1027 1885 1198 1966 contentio,

56 1979 92 2034 ut
123 1964 168 2033 ad
199 1967 384 2057 probandos
416 1989 526 2036 earum
559 1991 684 2051 mores,
722 1970 857 2058 arreptis
890 1971 997 2060 equis,
1035 1970 1140 2039 statim
1166 1971 1199 2038 iu

57 2051 181 2118 domos¹
196 2074 272 2122 suas
292 2052 384 2121 simul
400 2056 696 2158 proficiscerentur.
736 2054 880 2143 Ingressi
907 2057 1016 2144 itaque
1042 2057 1198 2125 civitatem

57 2136 244 2220 Collatiam,
277 2139 332 2205 ubi
365 2139 425 2209 suit
453 2140 628 2209 Lucretiae
656 2139 789 2223 domus,
821 2141 1008 2208 invenerunt
1027 2164 1099 2208 eam
1120 2141 1242 2215 lani-no

25 2238 29 2244 ·
55 2224 129 2289 ticio
151 2222 232 2289 dare
249 2246 400 2312 operam,
426 2237 461 2293 et
480 2227 601 2297 tristem
622 2235 756 2316 propter
775 2227 880 2294 mariti
900 2226 1087 2296 absentiam.
1119 2226 1200 2295 Inde

55 2308 203 2376 Arruntis
225 2309 357 2377 domum
378 2312 534 2400 profecti,
554 2336 652 2402 quum
672 2333 804 2380 uxorem
825 2312 893 2402 ejus
913 2312 1106 2381 invenissent
1125 2336 1200 2380 can-
1331 2383 1332 2386 ,

57 2393 160 2461 tilenis
189 2403 223 2463 et
252 2395 472 2466 saltationibus
499 2397 737 2487 indulgentem,
772 2399 890 2465 reversi
920 2396 963 2465 od
992 2411 1097 2466 castro
1117 2410 1220 2466 sunt..

18 2499 21 2504 ·
56 2479 154 2555 Quod
177 2482 300 2548 Amans
323 2480 453 2561 dolens,
484 2507 581 2573 quum
611 2484 654 2560 de
683 2484 888 2585 expugnabili
911 2485 1199 2573 Lucretiaecnsti·

56 2575 122 2633 tate
143 2566 324 2655 cogitaret,
352 2568 457 2635 mariti
484 2569 552 2660 ejus
580 2569 708 2636 nomine
735 2569 1026 2659 epistolam'liurit,
1057 2583 1089 2635 et
1111 2568 1244 2635 deditae

55 2649 253 2735 Lucretiae3
282 2652 314 2718 in
341 2676 406 2805 pua
431 2655 496 2723 boc
510 2656 760 2732 continebatur,
789 2666 825 2724 ut
845 2655 1203 2743 Arruns'susciperetnr

55 2735 202 2840 hospitio.
245 2737 321 2814 Quo
356 2740 445 2819 noto,
476 2756 682 2830 pernoctem
697 2739 808 2807 stricto
828 2738 937 2826 gladio
955 2738 1023 2833 ejus
1037 2741 1203 2828 ingressus
1322 2796 1324 2800 .

19 2903 24 2912 .
58 2822 240 2890 cubrculum
274 2847 346 2891 cnm
379 2825 536 2928 Aethiope
577 2827 640 2894 bac
682 2837 753 2893 orte
793 2827 879 2975 egit,
918 2839 954 2893 ut
986 2826 1045 2892 sibi
1079 2848 1203 2893 morem

57 2919 209 2995 gereret,
252 2908 381 2979 dicens:
423 2911 495 2977 uisu
533 2910 669 2978 mecnn't
711 2932 816 2975 conen
840 2910 954 2987 neris,
972 2981 975 2985 ,
996 2904 1203 3000 Aethiopem
1315 2992 1321 3000 ,

56 3004 169 3060 tecum
210 2993 398 3075 interimo,
444 3007 618 3086 tanquam
651 2996 690 3060 in
730 2994 905 3061 adulterio
944 2993 1246 3082 deprebensans.tto

57 3078 191 3146 'limens
210 3078 322 3169 itaque
341 3080 515 3164 Lucretia,
549 3105 590 3148 ne
612 3081 744 3162 somam,
767 3080 919 3149 castitatis
941 3102 1067 3162 amore,
1088 3079 1204 3232 deper-

58 3163 168 3248 derel3
201 3165 321 3253 quippe
342 3189 436 3255 quam
459 3168 528 3234 sine
548 3168 740 3257 purgatione
766 3166 906 3234 futuram
933 3189 1005 3234 sese
1032 3189 1129 3233 cerne
1152 3178 1203 3249 at;

57 3249 152 3319 invita
173 3252 322 3339 turpibus
344 3253 386 3319 im
411 3252 484 3320 eriis
504 3253 619 3341 paruit.
660 3252 706 3318 Et
728 3250 827 3319 altero
847 3250 900 3318 die
921 3255 1106 3322 convocatis
1128 3276 1203 3342 pro-

57 3336 200 3426 pinquis,
227 3337 342 3404 merito
396 3337 540 3418 ollotino,
569 3350 659 3428 patre
680 3337 885 3427 Tricipitino,
912 3338 1016 3406 Bruto
1037 3338 1203 3420 avunculo,

59 3423 111 3508 qni
136 3423 286 3490 tribunus
315 3425 456 3510 equitum
486 3423 624 3491 celerum
654 3423 775 3504 luerat,
814 3446 881 3489 rem
904 3423 1065 3505 indicans,
1101 3424 1245 3527 petiit35
1302 3512 1304 3516 ἢ

59 3528 99 3572 ue
118 3507 253 3576 violatus
275 3508 396 3597 pudor,
424 3531 504 3577 nere
523 3511 639 3578 inultus
653 3509 728 3600 ‘ejus
749 3508 892 3578 interitus
914 3520 1015 3590 esset,
1040 3523 1203 3600 conjecto-

10 3656 16 3673 ,
59 3615 120 3680 qne
148 3593 259 3682 gladio
285 3617 322 3661 se
348 3593 515 3664 interemit
563 3597 669 3672 Quem
690 3596 809 3662 Brutus
832 3594 874 3661 de
896 3595 964 3684 ejus
990 3619 1128 3684 corpore
1149 3619 1203 3662 ex-

10 3694 34 3725 ¹·
58 3686 199 3746 tractum
220 3691 351 3755 teneus,
380 3683 538 3768 processit
564 3681 606 3747 nd
633 3680 802 3769 populum,
832 3686 865 3749 et
889 3681 986 3748 multa
1010 3693 1203 3770 conquestus

58 3762 100 3830 de
120 3765 290 3853 Tarquinii
311 3767 479 3853 superbia,
507 3779 541 3836 et
560 3768 696 3834 liliorum
718 3767 786 3857 ejus
807 3766 1020 3855 turpitudine,
1048 3771 1135 3857 egit,
1162 3789 1215 3834 ne·

58 3851 89 3916 in
118 3853 234 3919 orbem
268 3851 505 3940 reciperentur,
549 3855 740 3921 auctoritate
771 3875 834 3940 qua
869 3855 1035 3942 plurimum
1068 3865 1246 3944 poterat40

60 3936 166 4018 Nam,
208 3948 246 4005 nt
274 3958 373 4026 supra
400 3938 554 4020 diximus,
591 3941 713 4007 Brutus
741 3941 885 4006 tribunus
916 3939 1058 4027 equitum
1089 3942 1206 4007 fuerat.

61 4021 128 4089 Sed
151 4045 252 4111 quum
275 4044 341 4088 non
358 4026 575 4114 susciperetur
591 4023 804 4113 Tarquinius,
829 4024 960 4092 contulit
977 4048 1014 4090 se
1031 4023 1074 4090 ad
1090 4047 1205 4112 regem

60 4109 204 4176 rusciae
218 4110 436 4191 Porsennam,
457 4113 511 4199 qui
526 4132 587 4200 pro
603 4110 780 4198 Tarquinio
799 4135 872 4178 cum
890 4111 1074 4199 ingentibus
1095 4111 1208 4198 copiis,

62 4207 156 4286 capto
183 4193 333 4264 laniculo
363 4208 397 4266 et
426 4196 487 4266 illic
520 4196 633 4269 castris
666 4197 798 4288 positis,
836 4197 996 4277 nomam,
1009 4196 1226 4268 nebementes
