2684 4606
1297 29 1328 218 sl

141 199 223 277 roo
494 197 678 303 uynogr.
706 197 779 273 ru.
832 197 874 275 s.
929 195 1072 275 1-2.

1295 332 1305 361 Ι
1325 354 1328 359 .

143 383 185 451 ab
213 380 272 449 illis
297 376 420 451 ‘Euticu
449 378 583 462 dicitur;
624 379 670 448 vis
700 390 807 449 autem
838 379 906 485 ejus
937 379 981 447 ad
1011 402 1085 451 aras
1119 360 1167 454 et·
1190 384 1285 455 locos
1315 370 1326 394 ²

36 552 41 559 .
165 470 289 536 ertinet.
329 469 449 555 Vepum
474 465 611 568 denipue
643 488 759 533 nornen
782 467 916 533 nummis
939 467 1075 549 Vestae,
1114 470 1206 557 quod
1229 474 1284 539 ubi
1323 534 1328 553 ,¹

177 577 271 621 omae
291 563 455 640 praeerat,
489 552 562 619 sciri
591 574 759 619 sacrorum
789 552 865 637 lege
886 552 1130 655 prohibebatur.
1171 556 1283 639 Quod,
1312 572 1328 619 .“

143 652 181 708 ut
201 640 232 705 le
257 641 339 717 tur,
372 660 470 704 ausus
512 636 620 704 uidam
643 639 788 705 tribunus
813 638 1118 724 plebis'enuntiare,
1151 641 1185 709 iu
1209 666 1283 710 cru·
1320 659 1328 699 ἰ

119 746 216 794 ocem
233 662 358 791 ldratus
383 734 440 791 est.
514 722 579 788 nde
599 724 662 789 hac
683 723 851 810 Virgilium
879 724 1057 812 periphrasi
1086 747 1181 795 usum
1205 728 1283 797 dici-
1326 773 1328 795 .

144 833 233 880 mus:
275 807 452 896 Vestaque
481 820 612 883 muter,
656 832 745 895 quae
779 808 929 873 dieucum
955 807 1110 876 Tiberim
1137 823 1175 877 et
1207 814 1283 879 Ro·
1316 841 1328 883 ·:

142 919 251 964 marcu
295 893 411 957 calatia
433 914 563 957 servus.
596 893 706 961 Palem
730 915 878 982 quoque,
920 916 993 959 uam
1013 894 1101 983 apud
1114 897 1283 987 Virgilium

143 975 238 1047 deam
258 917 392 1046 dicimus
409 978 524 1066 pabuli,
544 978 595 1044 cui
616 1002 745 1067 quoque
758 1001 850 1045 sacra
862 917 916 1044 Xl
931 979 1088 1069 Majarum
1103 981 1175 1061 dia,
1198 1008 1283 1073 quae

143 1067 257 1133 Palilia
277 1064 468 1143 dictasunt,
491 1061 704 1145 solvebantur,
726 1064 777 1130 alii
799 1076 933 1131 matrem
946 1076 1062 1148 terrae,
1083 1067 1135 1135 alii
1149 1068 1282 1139 Vestam
1318 1094 1327 1131 .·

100 1154 261 1225 sovolunt.
301 1151 400 1217 Hanc
420 1149 570 1236 Virgilius
592 1172 715 1238 genere
743 1150 893 1217 feminino
916 1151 1071 1240 appellat,
1093 1154 1173 1237 ,clli,
1200 1158 1283 1227 inter

142 1262 224 1328 quos
246 1237 367 1311 Varro,
395 1234 579 1301 masculino.
971 1254 974 1267 ¹

229 1320 381 1388 Nonnulli
412 1322 587 1387 Saturnum
627 1341 769 1385 suorum
801 1342 959 1403 sensum,
994 1321 1029 1389 id
1060 1336 1112 1392 est
1144 1324 1306 1395 divinam·

141 1407 374 1499 providentiam
396 1408 502 1473 omnia
530 1416 772 1494 procreantem,
810 1405 877 1471 sive
904 1419 1045 1475 satorem
1073 1412 1218 1481 omnium
1235 1414 1281 1480 in-

144 1504 392 1584 terpretantur.¹
423 1493 513 1560 Inter
533 1494 601 1583 ejus
634 1503 772 1583 quatuor
800 1491 882 1559 lilios
912 1493 1051 1581 primum
1068 1496 1203 1581 Jovern,
1231 1524 1281 1567 sea
1312 1530 1316 1535 ·

99 1581 285 1663 15cundam
309 1581 487 1659 Junonem,
524 1579 652 1647 tertium
687 1576 891 1665 Neptunum,
931 1592 1079 1666 quartum
1109 1582 1279 1653 Plutonem
1313 1598 1317 1607 “

141 1669 208 1736 sire
228 1667 337 1733 Ditem
368 1666 543 1750 assignant
596 1663 705 1751 Ipsum
740 1662 837 1730 etiam
863 1662 1005 1734 Pollucis
1034 1666 1151 1751 lilium,
1190 1674 1280 1761 quasi

138 1747 341 1843 polyfilium
369 1749 402 1815 id
426 1761 476 1818 est
497 1748 613 1816 multos
634 1747 716 1815 lilios
745 1747 933 1831 habentem,
968 1761 1106 1840 quatuor
1135 1754 1282 1825 videlicet

141 1837 300 1905 elementa
320 1834 527 1922 gignentem,
557 1833 688 1901 dicuut-
719 1833 833 1901 Jovem
858 1856 932 1903 nam
956 1859 997 1903 ue
1017 1838 1143 1929 physici
1163 1844 1282 1911 catlas-

84 1958 87 1963 ·
141 1946 233 2000 reno,
254 1920 288 1986 id
304 1927 360 1987 ‘est
379 1921 505 2007 ignem3
523 1921 684 1987 Junonem
706 1940 782 1985 vero
804 1925 923 2001 adrem,
979 1937 1134 2011 eptuuum
1154 1950 1280 2019 aquam,
1312 1957 1319 1981 ⁸

97 2006 313 2075 2⁰Plutonem
334 2018 454 2077 terram
474 2006 607 2096 intelligi
628 2004 803 2076 voluerunt.
852 2006 921 2077 Sed
943 2007 986 2077 de
1006 2010 1088 2081 Jove
1109 2024 1280 2087 tractuum

142 2093 353 2163 exordiamur.

519 2310 562 2387 ἃ
615 2312 901 2416 duppstem

93 2458 99 2474 ·
226 2447 257 2512 1.
297 2446 411 2513 Jorem
458 2451 493 2508 et
536 2441 716 2525 Junonem,
772 2445 807 2513 id
851 2458 903 2514 est
945 2444 1057 2533 ignem
1098 2452 1133 2511 et
1173 2430 1282 2521 adrem

49 2562 61 2569 ·
140 2534 291 2619 quoniam
312 2533 403 2621 paria
433 2527 590 2595 tenuitate
620 2529 778 2599 elementa
807 2554 881 2599 esse
910 2530 1075 2610 videntur,
1107 2549 1284 2617 germanos
1301 2580 1315 2609 ,-

97 2631 215 2684 asesse
236 2618 394 2686 dixerunt.
436 2615 522 2688 Quia
549 2635 625 2679 vero
649 2614 753 2696 Juno,
784 2616 849 2684 hoc
869 2629 919 2685 est
940 2624 1015 2696 adr,
1047 2615 1116 2703 igni
1136 2616 1283 2705 subjecta

57 2752 60 2761 .
140 2717 207 2783 cst,
231 2705 307 2794 jure
336 2701 539 2793 superposito
561 2698 665 2767 mariti
693 2724 811 2769 nomen
839 2701 961 2772 datum·
979 2713 1039 2771 est
1079 2702 1155 2769 Hos
1175 2708 1313 2770 autem'

141 2792 252 2856 ambos
275 2814 294 2855 a
308 2790 470 2878 juvando·
492 2785 648 2852 dixerunt.
693 2787 788 2855 Nulla
809 2790 891 2855 enim
916 2812 968 2855 res
989 2789 1037 2855 sic
1058 2786 1148 2855 louet
1167 2789 1284 2867 omnis,

140 2875 412 2964 quemadmodum
441 2870 537 2941 calor.
590 2870 664 2937 Nec
693 2873 763 2939 siue
791 2880 868 2941 aare
902 2875 999 2941 ullum
1034 2873 1150 2951 animal
1178 2876 1308 2953 virere,

142 2973 259 3049 potest.
300 2962 478 3027 Praeterea
501 2957 630 3023 Graece
649 2958 797 3048 Juppiter
817 2950 910 3036 Ζεύς
941 2960 1074 3039 dicitur,
1106 2959 1196 3048 quod
1218 2960 1284 3029 La-

96 3049 206 3116 sotine
226 3046 322 3112 color
342 3048 408 3114 sive
428 3043 504 3110 vita
524 3042 764 3130 interpretatur,
789 3046 877 3134 quod
900 3045 1046 3113 uidelicet
1064 3046 1130 3116 hoe
1146 3046 1284 3113 elemen-

139 3146 209 3201 tum
235 3132 356 3213 caleat3
392 3144 426 3199 et
455 3126 543 3216 quod
571 3129 640 3215 igni
661 3132 761 3211 vitali,
797 3144 834 3199 ut
854 3132 1038 3199 Heraclitus
1058 3130 1144 3211 vult,
1176 3134 1283 3201 omnia

140 3222 205 3287 sint
226 3219 375 3285 animata.
416 3214 565 3303 Juppiter
593 3236 693 3301 ergo,
729 3209 800 3283 uasl
822 3218 965 3303 juvans·
984 3227 1091 3304 poter
1118 3230 1284 3310 nuncupa-

141 3321 211 3386 tm·;
238 3307 372 3394 ipseque
392 3315 459 3382 est,
501 3300 554 3387 qui
577 3299 688 3451 lingua
741 3326 869 3370 acorum
892 3326 912 3368 a
933 3302 1024 3395 luce,
1057 3326 1154 3390 quem
1183 3304 1285 3373 homi·

139 3396 232 3460 nibus
253 3401 419 3481 praestare
441 3397 584 3477 putatur,
647 3390 803 3479 zocoejus,
826 3411 846 3454 a
867 3388 991 3456 Latinis
1011 3411 1088 3457 vero
1108 3390 1284 3481 Diespiter,

96 3481 174 3549 35ld
196 3490 245 3546 est
260 3477 338 3544 diei
356 3487 460 3563 pater
479 3472 665 3560 appellatur.
933 3552 939 3559 ,
1228 3516 1232 3523 -

222 3568 254 3631 2.
299 3564 397 3629 Hunc
418 3560 581 3626 hominurn
609 3571 706 3646 atque
733 3557 869 3624 deorum
899 3569 1064 3625 aeternam
1084 3570 1190 3650 'vocnt
1213 3562 1283 3643 Vir,-

139 3652 234 3738 gilius
256 3659 457 3739 potestatem.
499 3644 597 3712 Unde
618 3667 714 3710 unam
735 3667 803 3710 rem
826 3643 1005 3711 secundnm
1023 3646 1184 3734 physicos,
1207 3648 1283 3733 alte.-

138 3759 208 3802 ram
232 3734 410 3804 secundum
428 3730 670 3799 mathematicos
692 3731 822 3796 Probus
846 3731 1001 3816 assignat.
1051 3730 1137 3799 Nam
1163 3730 1283 3811 dirum,

140 3821 259 3907 iuquit,
295 3832 439 3911 potestas
479 3830 529 3885 est
557 3817 722 3904 Juppiter,
762 3817 837 3904 quia
866 3816 937 3904 ipse
973 3827 1024 3884 est
1055 3818 1191 3901 aether,
1229 3820 1287 3909 qul

98 3907 373 3975 documentorum
395 3905 541 3995 possidet
561 3904 791 3991 principatum
811 3902 974 3967 hominum
994 3900 1080 3983 ideo,
1103 3906 1283 3999 quiahoua
1306 3966 1309 3971 .

142 3991 271 4058 Jovialis
295 3993 405 4060 stellae
424 3990 588 4056 irradiatio
610 3989 750 4055 honores
779 3988 959 4055 hominihus
988 3988 1116 4073 tribmt3
1151 4004 1283 4061 aeterua

140 4090 370 4164 sarapropter
399 4078 532 4145 aliorum
555 4075 718 4142 numinum
742 4073 979 4145 discretionem.
1030 4076 1116 4143 Nam
1144 4076 1282 4167 legimus

133 4176 170 4229 et
195 4161 374 4247 Apollinem
405 4163 543 4229 divinam
575 4171 768 4249 potestatem
805 4158 1014 4247 deposuisse,
1051 4172 1086 4231 et
1105 4164 1285 4233 Herculem

114 4247 352 4339 Liberumque
376 4262 512 4343 patrem
535 4270 601 4321 non
630 4269 757 4341 semper
789 4245 870 4315 deos
898 4246 1007 4315 luisse.
1059 4248 1222 4337 Legimus
1252 4260 1287 4321 et
