2684 4606
66 208 69 213 -
143 112 264 295 aaa.
402 173 583 275 nynogs
612 119 684 246 ui.
756 170 796 247 a.
832 140 1006 281 ''a-ss.

107 420 113 430 a
144 360 325 441 sociantur;
346 368 423 426 tuno
445 380 573 446 quoquc
594 356 636 424 ad
658 359 719 439 Vll
735 356 906 437 liberalium
928 353 1041 422 artium
1058 351 1290 420 scientiam‘sa
1319 426 1323 431 ,

145 447 257 512 oillime
280 445 468 533 pervenitur.
524 445 610 515 Sane
631 444 822 531 Phronesis,
845 439 1045 541 Philologiae
1067 449 1326 527 maten-quae*¹

141 531 336 635 prudentia
357 531 603 616 interpretatur,
627 531 768 597 mortalis
788 528 921 614 lingitur
943 526 1050 592 luisse.
1093 529 1202 611 Atque
1219 524 1324 595 idea·

146 640 248 703 ipsam
273 616 481 702 Philologiam
502 613 625 680 mortali
648 627 748 682 matre
770 612 983 703 progenitam,
1006 611 1064 683 nisi
1085 606 1292 689 ἀποθέωσιν,

94 724 101 751 ⁸
123 703 179 769 aid
201 712 250 767 ast
271 698 529 787 deificationem
549 701 804 779 nancisceretur,
836 719 969 764 necesse
991 708 1061 763 erat
1081 718 1155 762 esse
1176 706 1293 767 morta·
1308 724 1316 739 .,

147 788 219 864 lem,
243 784 386 873 tantique
409 784 460 849 dei
484 784 635 873 conjugio
655 786 830 873 indignam.
873 780 969 857 Quod
985 782 1078 872 juxta
1106 780 1292 868 Remigium

147 871 221 937 ideo
245 872 396 957 lingitur,
431 871 504 957 quia
528 871 696 957 prudentia
718 870 889 938 saecularis
912 888 971 957 per
992 891 1029 934 se
1052 867 1184 956 quidem
1211 866 1292 935 mor·
1324 902 1327 907 ,

149 957 217 1026 talis
240 968 271 1022 et
294 956 418 1023 caduca
439 966 505 1036 est,
533 956 589 1021 nisi
618 956 730 1024 studiis
752 978 848 1023 verae
878 953 1053 1041 sapientiae
1073 952 1292 1021 immortalita-

98 1098 101 1102 .
149 1055 213 1109 tarn
237 1038 461 1130 consequatur.
519 1041 610 1106 Bene
632 1040 739 1110 autern
759 1041 934 1110 Phronesis
962 1038 1166 1124 Philologiae
1195 1050 1293 1107 mater
1327 1100 1330 1105 ,

110 1129 285 1206 Ιοᾶῐθὶῐῠ’·,
319 1127 394 1214 quia
424 1125 592 1215 prudentia
629 1129 785 1197 rationem
816 1136 949 1195 exornat
986 1136 1019 1192 et
1041 1122 1292 1213 quodammodo
1327 1156 1330 1161 ,

150 1216 234 1284 siout
257 1223 357 1279 mater
382 1211 509 1283 enutrit.

227 1301 263 1363 2.
307 1298 380 1387 lpse
419 1320 549 1386 quoque
576 1296 753 1365 Mercurius
782 1300 863 1366 Jove
924 1308 993 1365 atre
1016 1307 1049 1361 et
1071 1292 1158 1383 Maja
1194 1303 1292 1369 matre
1311 1356 1320 1379 Ι,

152 1384 361 1471 progenitus,
391 1406 431 1449 ex
452 1383 551 1456 altera
570 1396 664 1471 parte
687 1385 825 1453 mortalis
855 1383 965 1451 exbtit.
1022 1376 1091 1451 sed.
1111 1402 1187 1444 eum
1209 1380 1291 1445 June

134 1494 225 1537 „mox
247 1483 356 1539 natum
378 1469 529 1537 uberibus
551 1469 615 1535 suis
639 1469 822 1559 applicarit,
856 1470 967 1557 sicque
989 1465 1093 1533 divino
1116 1465 1203 1531 lacte
1223 1486 1292 1555 per·
1323 1494 1326 1499 ¹

111 1556 251 1634 saladit,
287 1567 323 1622 ut
354 1556 446 1624 lieret
465 1555 660 1629 immortalis.
712 1556 827 1622 Sermo
860 1557 868 1620 i
895 1557 959 1622 itur
989 1563 1022 1618 et
1043 1549 1084 1615 ad
1108 1550 1235 1631 divina,
1262 1547 1292 1615 id

85 1714 89 1723 ,
153 1653 200 1707 cst
223 1641 322 1711 ardua
346 1651 379 1706 et
399 1641 542 1723 subtilia,
565 1651 598 1706 et
620 1640 663 1715 ad
685 1643 841 1721 humana,
861 1578 895 1706 ii
917 1651 966 1706 est
986 1636 1114 1704 humilia
1140 1647 1175 1704 et
1196 1636 1292 1703 minus

153 1726 330 1795 subtilitatis
354 1725 517 1807 habentia,
553 1736 645 1813 aptus
670 1738 720 1793 est
741 1724 937 1814 explicanda.
994 1721 1089 1790 Unde
1111 1723 1293 1809 parentibus

153 1812 253 1882 altero
293 1810 477 1890 immortali,
514 1810 612 1877 altera
648 1813 771 1878 mortali
798 1812 915 1879 dieitur
949 1819 1148 1898 procreatus.
1212 1808 1292 1875 Dum
1334 1866 1336 1893 ,

153 1897 250 1983 igitur
273 1918 378 1963 sermo
403 1896 435 1965 in
458 1897 593 1966 terrenis
613 1909 736 1965 tanturn
758 1908 791 1964 et
811 1898 1011 1963 interioribus
1035 1905 1198 1974 versatur,
1230 1915 1292 1959 me·
1324 1904 1336 1973 ij

111 1985 214 2056 terito
238 1980 377 2051 mortalis
433 1981 604 2048 erbibetur.
656 1982 742 2048 Dum
774 2006 849 2049 vero
878 1983 921 2064 ad
950 1980 1104 2056 lunonis,
1137 2001 1223 2081 quae
1248 1988 1305 2045 est·

96 2134 99 2139 ,
154 2075 227 2141 aer,
250 2067 348 2132 ubera
371 2005 506 2146 tollitur,
542 2066 576 2131 id
597 2078 646 2139 est
667 2067 745 2135 dum
767 2068 808 2135 ad
831 2067 980 2135 caelestia
1001 2076 1035 2132 et
1055 2064 1175 2130 altioris
1198 2063 1293 2152 philo-
1322 2114 1326 2125 .

155 2177 191 2220 sn
216 2153 287 2223 hiae
302 2163 429 2239 secreta
443 2152 655 2223 discernenda
669 2152 823 2234 ascendii,
845 2155 1037 2220 divinitatem
1059 2148 1310 2238 quodammodo

105 2277 120 2291 a
155 2178 280 2304 videtur
302 2238 464 2305 meruisse.
516 2238 583 2308 Per
604 2239 768 2333 physicam
788 2242 883 2307 etiarn
903 2238 1038 2306 Junonis
1064 2236 1220 2302 uberibus
1239 2236 1294 2303 liu-

45 2358 48 2363 ·
103 2394 106 2399 ,
147 2327 243 2412 'gitur
263 2322 437 2404 educatus,
498 2324 547 2389 uia
579 2346 685 2391 sermo
706 2349 787 2394 roae
816 2349 856 2392 ex
877 2331 954 2391 aere
984 2314 1141 2411 percus‘so
1162 2322 1323 2389 formatar

112 2408 392 2497 aaqoodaomodo
415 2348 577 2496 perlicitur
607 2421 704 2498 atque
731 2413 877 2480 nutritur.
928 2412 1026 2476 Juxta
1057 2404 1320 2495 deliramentum·

155 2497 330 2562 fabularum
364 2494 471 2560 adhue
500 2494 754 2566 adolescentulus
785 2519 857 2564 enm
887 2497 1015 2563 Venere
1048 2490 1162 2559 lertur.
1180 2492 1328 2561 candal(

155 2572 336 2661 u·tts's's⁴','''i't
356 2576 682 2669 Hermaphroditum,
704 2607 724 2649 a
742 2607 803 2649 suo
825 2594 857 2649 et
879 2581 1012 2647 Veneris
1035 2580 1163 2652 nomine
1184 2580 1295 2644 hornen
1311 2566 1336 2709 'l

155 2668 345 2741 habentem,
375 2666 536 2753 genuisse.
587 2667 671 2755 Nam
696 2671 825 2734 Graece
845 2667 1027 2734 Mercurius
1053 2659 1209 2752 Ἑρμῆς,
1234 2663 1318 2729 Ve·

69 2786 72 2791 ¹
136 2777 214 2819 nus
236 2775 311 2818 vero
332 2746 529 2842 Ἀφροδίτη,
550 2750 584 2816 id
603 2764 653 2820 est
672 2776 816 2840 spumea
836 2762 1057 2840 nuncupatur;
1084 2750 1193 2837 ἄφρος
1214 2749 1320 2815 euim,

107 2839 274 2913 conicitur
292 2860 428 2922 spuma.
482 2838 591 2911 Quare
621 2849 727 2904 autem
751 2838 859 2905 Venus
892 2859 1034 2924 spumea
1060 2834 1208 2913 dicatur,
1244 2833 1319 2901 ubi·-

156 2926 197 2989 de
220 2926 358 2990 Saturno
372 2928 400 2986 'e
425 2922 524 3001 imus,
557 2921 720 2989 evidenter
741 2923 963 3010 expressimus.
991 2917 1297 3009 Hermaphroditus

132 3011 253 3095 ‘igitur
283 3007 371 3096 quasi
442 3007 556 3074 ereutii
574 3020 616 3076 set
646 3008 842 3098 Aphroditae
863 3008 967 3074 dictus
992 3017 1040 3072 est
1069 3005 1163 3074 lilius.
1214 3006 1336 3089 Her-2³}

67 3158 92 3167 ,,
156 3092 377 3182 nraphroditos
399 3103 504 3160 autern
527 3093 659 3161 dicimus
693 3094 836 3162 homines
864 3095 1030 3181 utriusque
1064 3114 1178 3175 sexus,
1219 3110 1307 3180 quoa
1323 3090 1336 3135 'l

73 3198 97 3207 ·’
157 3196 188 3249 et
210 3179 318 3246 Andro
346 3200 424 3267 ynos
447 3201 684 3268 nuncupamus;
720 3178 805 3269 ἀνὴρ
828 3181 911 3246 enim
939 3179 996 3245 'vir
1024 3176 1197 3258 Graece*
1214 3172 1314 3267 perth

114 3267 283 3340 samaiim·
312 3201 435 3330 rhoitur.
494 3265 783 3355 Hermaphroditus
819 3279 924 3333 autem
944 3262 1104 3350 significat
1139 3260 1318 3352 quandam'.

156 3350 309 3418 sermonis
349 3349 574 3431 lascivitatem,
609 3352 683 3439 quia
724 3353 927 3440 plerumque,
972 3348 1122 3434 neglecta
1160 3348 1315 3423 vcunms,

31 3504 34 3509 ,
156 3437 295 3511 ratione,
335 3437 515 3522 superfluus
548 3440 702 3505 sermonis
731 3450 861 3505 ornatus
892 3435 1071 3523 requiritur.
1126 3435 1215 3501 Hinc
1239 3444 1310 3519 est,

156 3522 243 3610 quod
275 3521 430 3609 Sophiam
460 3521 596 3608 legimus
637 3525 797 3590 Mercurio
843 3525 964 3589 nubere
1002 3520 1148 3586 noluisse.
1207 3518 1311 3603 Licet

157 3610 238 3674 enirn
272 3630 377 3675 sermo
405 3629 559 3694 magnum
587 3609 643 3676 sit»
666 3610 825 3679 rationalis
864 3604 1032 3676 creaturae
1067 3612 1310 3685 ornamentum,

43 3708 48 3715 '
116 3695 312 3782 insapientia
333 3705 438 3760 tarnen
459 3697 656 3780 superfluum
685 3700 853 3762 verborum
884 3705 1030 3759 ornatum
1061 3692 1204 3780 respuit3
1237 3712 1318 3757 narr

157 3780 244 3878 qnod
268 3778 437 3880 lJaorrndiae
454 3779 548 3880 jungi
582 3782 737 3868 refugiat,
777 3782 834 3849 sed
860 3773 1089 3848 imnioderatae
1115 3776 1316 3853 verbositati,

37 3916 42 3925 .
159 3887 282 3928 nrrscerr
306 3886 368 3929 raon
391 3876 555 3931 consentit.
665 3888 669 3893 ·

242 3949 271 4013 3.
318 3946 508 4098 Fulgentius
528 3950 723 4017 Mercurium
750 3952 885 4038 negotiis
913 3972 1063 4039 praeesse
1095 3946 1190 4031 dicit3
1221 3948 1306 4017 ideo

141 4033 352 4098 ,hloreuriurn
397 4036 493 4102 ictum
515 4036 603 4123 quasi
625 4059 753 4101 acernea
775 4047 972 4111 curantem,
1007 4034 1096 4120 quod
1117 4036 1307 4123 negotiata-'¹

101 4138 229 4195 sares,
272 4118 385 4204 quibus
407 4134 553 4204 praeest,
596 4123 753 4187 mercibus
785 4144 909 4210 semper
938 4120 1118 4207 invigilent3
1146 4122 1231 4188 xsire
1258 4120 1306 4189 ab

156 4199 289 4292 ‘ſj’pstp'a
311 4205 457 4291 Graeco,
493 4205 580 4297 quod
602 4207 770 4273 disserere
792 4209 1034 4296 iuterpretatur,
1072 4229 1111 4272 eo
1134 4207 1224 4296 quod
1246 4230 1321 4277 ae.
