2692 4606
132 130 148 153 ’
284 127 299 287 ’ῃ
365 118 925 299 ermogenem-2163
1138 110 1219 254 'or

71 366 113 441 et
133 354 277 424 habitum
295 377 389 423 suum
411 352 548 422 donaret
568 353 638 421 sibi.
669 353 805 422 Achilles
825 367 931 422 autem
952 309 1102 428 donavit,x
1121 364 1217 433 Post·

67 464 173 529 quam
202 443 289 513 acies
317 441 440 508 directa
467 442 527 508 luit
557 440 598 506 ab
626 440 789 531 Hectore,
829 441 899 529 ipae
931 442 1058 512 Hector
1088 451 1217 519 abstulit

67 528 396 682 gpclpprpmjcpplrlripm
424 536 458 602 et
478 548 589 616 equos.
630 524 713 592 Inde
733 524 811 595 dicit
831 532 946 616 poeta:
976 529 1136 602 Exuvias
1157 539 1215 602 iu-

419 775 515 851 212.
568 775 861 878 Thymoetes.
1217 814 1235 861 5

160 907 308 974 Priamus
343 928 384 973 ex
417 905 531 972 Arisba
565 902 663 970 filium
691 917 795 974 vatem
826 908 976 996 suscepit
1022 911 1086 987 Qui
1115 938 1212 1002 quum

64 991 224 1075 dixisset,
243 990 383 1081 quadam
403 1003 501 1058 noete
520 989 608 1056 nasei
629 1012 782 1078 puerum,
800 1014 860 1080 per
907 1017 977 1059 uem
993 1011 1104 1083 posset
1116 1006 1213 1071 everri

67 1079 195 1168 'l'roja‚
225 1078 381 1165 contigit,
408 1087 445 1145 ut
471 1076 612 1144 similiter
631 1089 783 1164 parerent
803 1090 837 1146 et
858 1017 1061 1169 Thymoetae
1083 1109 1163 1153 uxor
1181 1102 1214 1156 et

63 1166 230 1244 Hecuba,
258 1186 341 1252 quae
362 1163 481 1229 Priami
502 1161 646 1250 legitima
667 1176 746 1232 erat
787 1163 858 1232 sed
878 1165 1025 1236 Priamus
1046 1171 1211 1262 'l'hymoe-

61 1261 127 1320 tae
147 1250 464 1338 tilium'uxoremque
479 1247 576 1338 jussit
595 1247 711 1316 oooidi
1217 1256 1253 1314 to

221 1436 224 1441 “
365 1386 662 1498 .2l5.'Mors
696 1419 884 1495 Priami.
945 1476 950 1489 .

67 1546 72 1551 ’
154 1546 208 1615 De
227 1560 332 1618 morte
353 1549 475 1617 Priami
494 1546 581 1614 varie
599 1546 718 1614 lectum
740 1557 798 1614 est
839 1547 1046 1635 attineant,
1075 1555 1211 1641 quoda

60 1632 197 1724 Pyrrho
225 1635 256 1701 in
288 1634 384 1703 domo
413 1632 542 1722 quidem
571 1654 630 1700 sua
658 1643 772 1720 eaptus
798 1644 865 1713 est3
898 1635 957 1701 sed
986 1638 1028 1704 ad
1055 1644 1210 1711 tumulum

22 1717 28 1727 ⁸
59 1718 196 1787 Achillis
226 1732 370 1801 tractus,
402 1721 527 1786 occisus
561 1730 612 1785 est
637 1716 731 1807 juxta
767 1717 902 1805 Sigeum
939 1729 1208 1810 promontorium

59 1827 144 1871 nam
170 1804 214 1871 ibi
241 1807 383 1895 sepultus
409 1818 466 1872 est
510 1804 607 1871 'Pano
627 1803 696 1893 ejus
720 1816 834 1890 eaput,
867 1819 963 1873 conto
992 1812 1109 1892 fixum,
1147 1816 1250 1884 eir-15

59 1890 220 1959 cumtoltr.
271 1893 331 1959 Alii
359 1914 434 1957 vero
465 1889 593 1970 dieunt,
623 1887 712 1976 quod
739 1889 831 1980 juxta
859 1891 981 1959 Hercei
1008 1897 1096 1964 Jovis
1118 1923 1207 1968 aram

58 1976 223 2044 extinctus
252 1978 304 2045 sit
360 1975 457 2045 Unde
485 1974 656 2043 Lucanus:
694 1974 867 2055 Hermos,
896 1991 1110 2046 monstrator
1141 1988 1207 2065 ait,

58 2085 136 2127 non
162 2084 217 2127 res
241 2062 306 2128 icis
335 2064 446 2126 arao?
487 2061 534 2128 Et
563 2060 647 2127 hanc
668 2058 847 2147 opinionem
869 2062 961 2148 plene
983 2066 1133 2155 Virgilius
1155 2095 1206 2139 se-

57 2147 190 2237 quittr3
210 2086 287 2217 leet
307 2148 404 2216 etiam
425 2146 475 2214 illa
494 2145 674 2237 perscripta
694 2145 737 2214 sit
753 2145 906 2235 pluribus.

483 2334 577 2413 211.
631 2336 784 2415 Dido.
1209 2364 1247 2413 no

10 2524 12 2531 .
63 2424 68 2433 -
149 2469 255 2551 Dido,
277 2466 413 2536 Metonis
433 2465 515 2547 lilia,
544 2486 641 2555 quem
659 2465 813 2555 Virgilius
835 2465 948 2534 Belum
970 2470 1127 2554 nominat,
1156 2475 1204 2539 in·
1245 2533 1250 2540 .

10 2615 12 2625 .
56 2556 199 2627 terleato
221 2555 347 2624 Auerno
368 2551 509 2641 eonjuge
540 2575 617 2633 suo,
645 2575 741 2640 quem
762 2553 912 2642 Virgilius
941 2555 1113 2624 Siohaeum
1145 2583 1203 2626 no-

57 2645 179 2726 minat,
205 2663 225 2708 a
248 2641 298 2730 Py·
357 2638 459 2705 alione
479 2659 561 2726 rege
582 2637 745 2791 fratrepue
763 2660 841 2719 suo,
870 2641 1062 2742 perfugam
1085 2646 1203 2735 elapsa,

56 2752 158 2797 nares
190 2749 286 2796 ascen
310 2728 335 2794 't
362 2746 435 2791 oum
463 2745 583 2811 magno
612 2746 677 2812 pon
701 2747 757 2811 ere
778 2726 863 2807 auli,
893 2736 926 2792 et
953 2728 1080 2795 Altinae
1109 2732 1201 2801 litora

55 2814 214 2907 pervenit.
255 2812 306 2880 Ibi
337 2810 379 2878 ab
406 2810 519 2889 Iarba,
548 2830 631 2898 rege
651 2810 858 2893 Maurorum,
888 2822 1011 2879 tantum
1032 2816 1089 2881 soli
1112 2821 1239 2900 enites
1307 2843 1308 2848 ¹

9 2964 20 2983 ,
58 2913 215 2991 quantum
243 2897 332 2965 eurio
359 2896 450 2962 boris
477 2906 588 2984 posset
617 2897 722 2964 metiri
750 2896 799 2963 rel
826 2919 1003 2986 occupare,
1034 2913 1067 2968 et
1088 2903 1202 2971 fraude

9 3046 22 3075 κ
55 2990 171 3056 urbem
182 2984 358 3052 vindicarit.
386 2981 471 3048 Nam
490 2982 612 3048 corium
627 2978 660 3046 in
680 2982 880 3051 tenuissimas
900 2984 1055 3072 corrigias
1075 3005 1199 3056 sectum

9 3140 17 3153 ,
55 3071 215 3154 tetendit,
244 3092 326 3138 ooeu
350 3067 477 3155 eritque
504 3065 609 3134 stadia
628 3066 735 3136 XXII.
778 3070 833 3138 Ob
854 3068 941 3159 quod
964 3070 1083 3140 laetum
1104 3075 1200 3159 Byr·
1302 3064 1308 3077 ’

9 3172 19 3241 ζ
54 3184 152 3243 anm,
180 3168 294 3249 postea
345 3152 564 3243 omagium,
592 3154 724 3223 vocarit

414 3337 509 3416 215.
564 3291 881 3417 Saturnum
1202 3378 1239 3426 ao
1297 3320 1326 3335 'l

140 3471 318 3552 sommus,
361 3466 478 3538 amissa
506 3466 710 3556 possessione
738 3467 836 3550 caeli,
876 3492 973 3558 quum
1004 3495 1063 3562 per
1094 3484 1196 3542 totum

9 3610 11 3643 ;
53 3557 169 3625 orbem
197 3557 356 3647 prologus
387 3564 528 3633 erraret,
558 3555 686 3620 Junone
714 3554 853 3632 sociata,
886 3579 927 3623 ne
958 3559 1057 3646 longo
1087 3562 1195 3628 taerlio

8 3706 11 3723 ,
52 3642 188 3711 lassaret
217 3644 301 3722 riae,
335 3663 409 3708 eam
437 3639 594 3728 Nymphis
621 3639 750 3706 Asrieoe
778 3643 1012 3713 commendarit
1039 3647 1194 3717 alendam.

8 3732 25 4017 p'
49 3728 103 3797 Ex
125 3740 191 3819 quo
213 3726 445 3816 Carthaginem
465 3730 617 3812 magnam
637 3726 723 3792 Juno
742 3747 871 3815 semper
891 3729 1051 3801 habitavit.

208 3907 303 3986 216.
352 3913 470 3987 Dirlo
503 3922 544 3986 et
577 3909 758 3986 condita
792 3908 1035 4018 Carthago.
1197 3949 1234 3998 aa

8 4024 11 4047 '
133 4037 224 4107 Dido
246 4058 349 4128 'quum
379 4042 586 4132 pertransiret
613 4038 775 4130 quandam
797 4041 930 4110 insulam
951 4045 1103 4127 Junonis‚
1131 4047 1192 4113 illic

47 4124 177 4212 aceepit
204 4125 387 4208 oraculum,
415 4141 447 4196 et
476 4127 676 4195 sacerdotem
699 4122 767 4217 eJ'us
789 4153 898 4196 secum
921 4131 1066 4205 abstulit,
1096 4156 1191 4221 quum

47 4212 75 4278 ei
96 4233 217 4302 parum
237 4212 402 4297 crederet,
429 4214 626 4306 promittenti
646 4212 743 4284 aedes
758 4216 975 4306 Carthaginis.
1008 4218 1082 4294 Quo
1096 4244 1194 4309 quum

7 4400 53 4570 p
741 4329 799 4397 ᾗ*
