2684 4606
767 40 780 69 1
1273 35 1293 77 -.

71 83 199 263 ‘se
414 122 963 257 'crysogonus-goe.
1071 146 1076 153 ·
1241 88 1293 197 ³³

145 343 230 410 tibus
250 339 292 407 ad
313 361 367 418 se,
396 348 434 407 ut
454 361 565 408 secum
587 339 725 407 cestibus
750 337 963 411 decertarent.
1007 343 1083 418 Quo
1110 364 1209 432 quum
1229 358 1294 429 vet

145 430 244 496 nisset
269 422 445 506 Hercules,
478 436 512 493 et
539 448 579 492 cx
608 426 764 514 Hispania
794 439 909 516 ageret
937 440 1095 507 armenta¹
1111 431 1286 535 Geryonis,

147 537 220 581 cnm
252 522 294 578 ec'
331 533 526 599 congressus
553 522 621 592 est,
659 534 797 601 eumque
827 525 1011 602 superatum
1046 514 1216 584 interfecit.
1254 519 1279 583 A

147 600 237 690 cujus
258 597 385 665 nomine
406 620 497 665 mons
517 597 647 664 Siciliae
665 596 756 690 Elryr
776 600 964 667 nominatur.

121 789 141 838 ὁ
343 838 345 845 k
386 753 459 829 ott.
512 752 660 832 Arion
693 756 1031 856 etdelphinns.
1065 824 1070 835 .

63 888 65 893 ’
145 907 147 913 ·
232 885 327 961 Arion
350 883 488 951 Lesbius
508 881 723 971 citharoedus.
736 882 873 971 optimus
897 883 964 952 luit
1007 887 1072 962 Qui
1094 909 1194 976 quum
1214 866 1278 957 'lle-

146 982 239 1038 rento
263 971 451 1059 Corinthum
474 993 547 1036 cum
571 968 676 1037 multis
697 969 811 1058 opibus
839 981 979 1058 peteret,
1013 967 1046 1039 el
1074 972 1196 1043 videret
1223 974 1286 1043 sihi·

146 1056 179 1121 in
204 1056 282 1122 mari
304 1054 390 1123 tendi
410 1055 540 1143 insidias
568 1078 589 1121 a
615 1055 736 1137 nautis,
790 1055 873 1134 etiit,
906 1067 944 1122 ut
971 1054 1131 1143 paululum
1159 1060 1284 1129 cithara·

117 1202 122 1213 ,
149 1153 287 1208 caneret.
318 1140 367 1207 Ad
389 1141 478 1230 cujus
499 1163 612 1206 sonam
634 1163 731 1228 quum
775 1136 890 1228 elphini
907 1143 1147 1227 convenissent,
1174 1168 1292 1215 sees-¹

108 1227 249 1296 tonussit
266 1248 365 1316 supra
386 1248 500 1307 unum,
532 1237 566 1293 ct
586 1224 751 1293 inunioeus
774 1224 880 1295 vitavit
899 1226 1084 1315 periculum.
1145 1229 1149 1251 ¹

351 1391 421 1467 96.
475 1393 723 1469 Graculum
755 1390 1096 1469 columbarum.¹
1148 1396 1160 1411 “

232 1517 271 1585 In
292 1519 393 1608 Epiro
415 1521 530 1589 dicitnr
551 1542 661 1589 nemus
684 1522 800 1602 fuisse,
828 1522 861 1587 in
891 1544 955 1610 quo
969 1496 1287 1677 'resppppaafipipbqppt‘'

148 1605 325 1673 columbae.
369 1609 466 1682 Quod
493 1608 566 1674 ideo
595 1608 742 1694 lingitur,
773 1607 847 1694 quia
872 1602 985 1695 lingua
1004 1608 1036 1674 Τ

148 1686 275 1768 Acultlsc
297 1704 330 1760 et
351 1694 517 1761 columbae
538 1705 573 1762 et
593 1693 824 1762 vaticimtrices
845 1692 1003 1775 dicuntur.

38 1892 42 1899 ¹
106 1839 175 1945 15¹
255 1857 325 1932 97.
378 1857 603 1961 Antiopa,
645 1856 815 1935 Zethus
849 1842 896 1933 el
928 1854 1214 1959 Amphion..

233 1989 390 2076 Antiopa,
422 1988 538 2078 Nyctei
565 1988 646 2067 lilia,
680 1988 721 2052 ab
750 1988 887 2077 Epapho
914 2012 974 2078 per
1002 1989 1110 2057 dolum
1139 1988 1279 2057 est'stu-

169 2085 257 2153 rata3
317 2097 378 2140 uae
404 2073 509 2140 oh'id
538 2095 559 2140 a
589 2073 654 2139 viro
683 2072 776 2162 Lyco
805 2087 855 2142 est
881 2075 909 2140 vi
931 2075 959 2140 e'
1000 2089 1041 2144 ts:
1084 2076 1158 2151 Qua
1172 2074 1279 2179 pulsu,

73 2224 75 2231 .
147 2099 268 2227 lttreen
295 2098 385 2226 luxit
413 2181 564 2239 uxorem,
601 2160 829 2249 imperavitque
864 2160 948 2227 larun
960 2162 1002 2243 is,
1041 2172 1076 2228 ut
1110 2165 1284 2248 Antiopam,

21 2297 23 2301 .
149 2247 285 2314 vinctam
315 2247 347 2311 in
377 2246 517 2313 tenebris
549 2243 742 2313 clauderent.
787 2246 849 2312 Cui
879 2268 976 2334 quum
1027 2258 1115 2313 artus
1135 2236 1278 2327 instaret,

106 2333 235 2398 eotovis
257 2330 416 2398 voluntate
436 2332 551 2418 effugit
570 2331 712 2412 vincula,
744 2344 780 2400 et
802 2333 833 2397 in
847 2344 969 2399 ‘monte
996 2269 1202 2399 llithaerone'
1220 2354 1279 2399 seu

148 2419 330 2508 Aracyntho
352 2428 477 2506 partum
495 2418 657 2509 exposuit,
682 2428 838 2508 natosque
859 2418 997 2485 Zethum
1019 2429 1052 2486 et
1070 2417 1280 2506 Ainphionetn

135 2504 290 2594 projecit.
333 2505 405 2570 Hos
425 2516 535 2592 pastor
556 2503 683 2592 quidam
704 2526 763 2606 pro
785 2505 849 2570 suis
870 2503 1026 2571 educavit,
1059 2503 1150 2578 Quos
1166 2516 1287 2595 postea

147 2615 246 2679 quum
266 2602 369 2657 mater
387 2592 586 2678 agnovisset,
619 2590 677 2669 illi,
708 2589 836 2679 injurias
865 2590 932 2678 ejus
963 2589 1135 2664 exsecuti,
1151 2589 1280 2678 Lycum

146 2677 392 2758 interl'ecerunt3
427 2677 547 2744 Dircen
575 2699 668 2753 vero,
698 2685 790 2740 tauro
819 2673 972 2744 indomito
999 2674 1184 2761 religatam,
1216 2676 1280 2743 vito

106 2764 357 2849 25privaverunt.
391 2762 443 2825 De
469 2763 557 2850 cujus
580 2759 737 2846 sanguine
756 2758 846 2847 palus
868 2760 983 2841 Dirce,
1013 2782 1096 2848 quae
1117 2770 1167 2826 est
1188 2760 1281 2827 The-

150 2849 216 2924 bis,
252 2847 337 2913 facta
369 2867 440 2911 esse
470 2846 592 2913 dicitur.
656 2845 802 2918 Qtrornm
835 2866 916 2914 unns
953 2846 1108 2934 Amphion
1139 2845 1281 2913 studium

149 2934 290 3001 citharae
311 2931 437 3010 habuit,
459 2946 492 3000 et
512 2934 559 2999 sic
579 2930 767 2997 citharizare
789 2931 907 3011 fertur,
928 2945 965 3000 ut
984 2944 1107 2998 montes
1130 2942 1164 2999 et
1185 2933 1279 3000 silvas

148 3043 188 3089 ac
215 3040 294 3085 saxa
320 3041 361 3085 ac
387 3015 506 3104 lapides·
536 3016 578 3084 ad
608 3038 644 3082 se
675 3038 790 3083 vocare
822 3017 955 3083 dicatur.
1009 3018 1101 3091 Quae
1130 3040 1215 3084 saxa·
1238 3040 1280 3084 ac

147 3103 268 3192 lapides
305 3101 445 3179 Zethus,
477 3104 575 3169 irater
604 3102 689 3192 ejus,
723 3101 766 3169 ad
794 3102 926 3169 Thebes
956 3099 1070 3184 duxit3,
1098 3101 1280 3192 diciturque

105 3191 335 3264 ao'l'heharum
362 3188 437 3255 inde
464 3191 617 3257 struxisse
642 3212 758 3255 metros.
801 3188 959 3255 Dircaeus
986 3211 1061 3254 vero
1080 3189 1236 3277 Amphion
1258 3213 1280 3255 a

146 3275 245 3343 Dirce
268 3275 355 3342 some
376 3275 566 3363 appellatus,
597 3274 673 3364 quia
699 3286 834 3342 matrem
858 3273 927 3363 ejus
949 3273 991 3340 dii
1012 3274 1044 3339 in
1066 3275 1187 3342 fontem
1209 3298 1280 3342 mu-

145 3376 299 3432 taverunt.

509 3424 586 3548 98.Ι
630 3472 909 3572 Nyctimene.
1032 3426 1036 3433 Ι

229 3601 418 3695 Nyctimene
434 3616 601 3693 postquam
615 3622 688 3668 cum
702 3614 794 3688 patre
802 3622 870 3665 rem
881 3593 999 3679 habuit,
1016 3603 1187 3692 etagnovit
1200 3603 1277 3671 saci.

104 3716 224 3778 35nus,
245 3715 281 3758 se
302 3691 332 3755 in
355 3689 436 3755 silvis
459 3692 599 3770 abdidit,
622 3702 655 3756 et
675 3689 779 3754 iucem
799 3686 935 3772 rel'ugit3
958 3687 1009 3753 ubi
1028 3688 1162 3756 deorum
1183 3690 1277 3761 mise

147 3779 269 3928 rationp
289 3798 440 3929 conspersa
458 3792 507 3846 est
529 3779 560 3844 in
583 3798 690 3855 avem,
714 3792 799 3860 qnae
821 3794 879 3860 pro
900 3783 988 3839 tanto
1006 3774 1150 3843 facinore
1166 3776 1277 3843 aribus

146 3879 196 3933 est
212 3889 241 3930 a
266 3886 343 3930 mna
370 3884 430 3927 ont.

542 3972 611 4049 99.
667 3972 879 4047 Glaucus.

232 4108 374 4176 Glaucus
402 4106 541 4194 piscator
563 4102 623 4169 fuit
643 4101 686 4168 de
707 4098 896 4168 Anthedone
917 4099 1051 4169 civitate.
1094 4100 1158 4185 Qui
1179 4121 1272 4189 quum

95 4207 256 4284 acceptos
270 4195 380 4284 pisces
400 4214 496 4282 super
516 4191 648 4258 herbam
669 4187 827 4278 posuisset
846 4187 877 4254 in
899 4184 1007 4269 litore,
1029 4197 1062 4257 et
1084 4187 1125 4255 illi
1142 4200 1271 4278 recepto
