2684 4606
313 153 497 257 uyuogr.
525 155 599 228 111.
648 153 694 229 u.
750 110 1000 247 tune*
1103 93 1208 236 ¹tce
1316 148 1319 155 ’

57 342 96 411 ali
121 341 231 410 nando
270 365 311 409 ex
351 341 559 430 neglegentia
590 343 763 434 superioris
798 344 974 434 praevalet'
987 332 1135 425 lnlerlor,
1172 359 1207 418 et
1324 356 1330 369 ‘

56 367 187 497 seducit
213 429 420 516 superiorem.
462 427 525 496 Est
543 430 641 495 etiam
662 429 693 494 in
720 429 783 496 hec
804 431 911 517 ligure
932 430 1034 507 Adam
1062 443 1105 500 et·
1123 423 1203 502 Bra.

56 517 94 582 Si
124 516 209 584 enim
238 514 514 603 Adum‘superior
541 536 577 581 se
598 515 723 583 ratione
743 516 896 599 rexisset,
927 538 992 585 non
1019 518 1104 585 illum
1132 519 1204 588 Eira

54 602 188 668 inferior
212 600 401 668 seduxisset
443 601 532 667 Hinc
552 612 617 681 est,
650 599 738 689 quod
758 601 936 691 philosophi
958 605 1121 673 rationem*
1135 627 1203 673 ma·

55 690 108 774 gis
141 700 176 757 et
204 687 403 775 opinionem,
443 709 541 774 quam
569 687 733 754 veritatem
767 701 980 776 exequentes,
1013 691 1228 763 detrimenta!

54 775 181 841 auimne
212 774 276 841 heo
308 772 406 859 modo
434 785 468 839 et
495 774 623 862 politice
636 774 812 862 ‘inquirunt
842 788 932 841 etse
960 774 1204 864 deprehendere

54 871 179 947 putant.
224 860 387 926 stamma
410 872 540 925 aeterna
561 870 629 939 est,
655 860 759 949 ajunt,
788 870 822 929 et
842 861 954 929 summi
978 862 1106 949 spiritns
1129 885 1204 950 pars

55 947 187 1035 (omnes
208 947 292 1011 euim
314 947 348 1010 iu
369 945 473 1011 anima
495 943 558 1011 deo
579 945 695 1014 similes
721 946 799 1013 lacti
819 946 967 1031 sumus),
994 970 1058 1036 qua
1079 951 1205 1016 ratione
1233 986 1235 990 Α

54 1034 88 1099 iu
116 1054 255 1120 corpore
282 1054 345 1098 nou
373 1044 476 1098 totum
504 1030 605 1110 videt,
637 1023 699 1098 nec
732 1043 841 1100 uotae
871 1045 920 1099 est
943 1034 1135 1113 vivacitatis,
1166 1045 1204 1104 ut

56 1119 163 1185 omnia
196 1118 297 1205 possit
324 1117 529 1203 agnoscere?
571 1118 674 1204 Quia,
708 1117 869 1206 inquiunt,
902 1128 1001 1208 quum
1035 1122 1154 1209 coe'pit
1170 1123 1247 1194 into

55 1227 172 1293 corpus
195 1201 412 1284 descendere,
433 1216 524 1289 potat
544 1204 705 1272 stultitiam
727 1216 762 1272 et
783 1205 979 1271 oblivionem.
1022 1205 1118 1273 Unde
1137 1229 1205 1275 non
1254 1220 1258 1233 ⁴

47 1302 162 1379 potest
182 1303 256 1378 post
275 1303 410 1357 naturae
429 1312 508 1356 suae
521 1291 712 1361 ¹oblivionem
727 1292 862 1357 numinis
876 1292 926 1357 sui
941 1292 1003 1356 vim
1013 1291 1204 1394 adimplere.

56 1377 150 1452 Quae
171 1389 278 1442 autem
299 1374 350 1441 illa
372 1378 412 1443 sit
433 1375 567 1454 oblivio,
596 1376 741 1465 superius
771 1378 1012 1464 expressimus‘
1033 1377 1081 1444 Ut
1105 1381 1206 1466 igitur
1314 1384 1318 1394 “

55 1464 88 1526 in
110 1464 245 1552 poeticis
267 1465 381 1529 iterum
401 1461 692 1551 philosophicisque
712 1484 894 1542 versemur,
922 1463 1026 1528 anime
1048 1461 1091 1527 de
1112 1466 1205 1532 coelo
1304 1478 1308 1486 '

55 1549 260 1615 descendeus
290 1548 485 1615 obliviscitur
510 1546 686 1614 secundum
739 1553 829 1616 oetas
850 1549 1118 1650 praeteritorum,
1152 1574 1246 1626 sens
1293 1549 1296 1559 '

56 1634 198 1701 cundum
227 1633 432 1723 philosophos
461 1633 651 1701 futurorum.
696 1571 794 1703 [inde
822 1630 973 1723 Virgilius
993 1633 1135 1705 medium
1154 1649 1220 1709 te·¹
1310 1631 1317 1640 ⁵

57 1722 142 1803 uuit,
175 1719 333 1789 dicendo:
364 1718 506 1786 oblivia
523 1730 666 1808 potam.
741 1786 744 1791 ,

143 1810 195 1875 lt.
237 1809 325 1872 Sane
354 1805 396 1871 de
422 1804 527 1871 reditu
556 1805 731 1872 animorum
752 1804 867 1891 ingens
889 1802 975 1894 apud
998 1803 1204 1897 philosophos

58 1894 214 1982 expositio
244 1906 310 1972 θεῖς
338 1890 515 1978 quomodo.
531 1890 693 1972 videlicet,
723 1889 772 1958 vel
793 1913 913 1978 quare,
940 1898 1204 1980 postquam-cor·
1311 1952 1314 1956 ,

56 2003 136 2068 pore
157 1990 274 2047 exutae
295 1978 428 2057 luerint,
449 1989 514 2045 tam
536 1979 693 2057 sontium,
713 1975 890 2044 secundum
903 1979 1067 2046 nonnullos
1080 2003 1247 2061 eorumne

57 2088 154 2153 quem
177 2064 393 2139 innocentium
421 2063 545 2129 animae
573 2062 615 2130 ad
644 2076 732 2132 astra
761 2064 960 2142 referantur,
997 2079 1116 2135 urrant
1143 2090 1202 2157 pro

56 2152 140 2217 vitae
171 2153 276 2242 pretio
311 2149 430 2238 optima
460 2148 611 2225 mercede
640 2161 791 2217 aeternae
819 2148 902 2215 lucis
931 2146 1109 2232 donentur,
1148 2143 1205 2219 urit

56 2258 115 2325 pro
138 2238 223 2304 male
245 2235 418 2304 commissis
441 2236 483 2301 ab
504 2235 581 2323 ipsis
602 2236 698 2303 stellis
741 2234 926 2318 reiiciantur
943 2234 992 2298 vel
1013 2260 1203 2306 consuman-

25 2334 130 2403 tur,
152 2347 217 2390 uon
239 2325 340 2392 itaut
361 2319 591 2409 pereant,sed
613 2333 689 2389 uta
726 2322 866 2409 igentur.
909 2311 1113 2390 Undeidem
1131 2326 1204 2393 Vir·
1253 2393 1257 2399 ,

56 2408 153 2497 gilius
175 2410 229 2476 hie
250 2431 379 2498 quoqne
398 2430 464 2473 uon
485 2406 665 2490 absurdus3
882 2480 887 2493 ,
908 2424 934 2459 ›.
1207 2434 1245 2490 25

145 2496 290 2561 Seilioet
308 2495 375 2560 hue
398 2492 519 2573 reddi,
545 2491 670 2567 deinde
688 2487 756 2573 huc
776 2487 932 2554 resoluta
951 2487 1081 2574 referri
1275 2510 1281 2516 ’

141 2581 297 2658 Omnio3
322 2602 385 2644 nee
405 2577 514 2643 morti
533 2572 607 2643 ess'e
626 2578 757 2650 locum,
782 2572 847 2639 sed
866 2575 948 2641 viva
968 2575 1087 2640 volare

144 2665 282 2732 Sideris
299 2665 337 2730 iu
357 2684 560 2746 numerum,
592 2673 699 2754 atque
717 2659 794 2725 alto
814 2657 995 2723 succedere
1014 2660 1091 2726 coel
1109 2710 1119 2728 .

56 2753 100 2820 Et
129 2747 302 2819 Lucanus:

47 2858 51 2865 ·
141 2838 315 2905 Innocuos
336 2832 412 2899 cito
429 2832 607 2919 potientes
627 2827 780 2895 aetheris
802 2825 868 2893 imi
1118 2894 1130 2905 ,,
1208 2853 1247 2903 ω

140 2923 263 3000 Fecit,
293 2930 328 2986 et
347 2927 507 2981 aeternos
528 2914 667 2980 animos
690 2913 832 3000 collegit
853 2912 891 2977 in
913 2878 1021 2979 ordeo.
1130 2930 1131 2934 ’

58 3008 131 3077 Nec
146 3008 296 3085 mirum,
346 3024 420 3068 uum
448 3000 481 3068 in
507 3000 667 3086 originem
697 3022 789 3066 suam
817 2996 924 3064 redire
945 2994 1049 3065 simnia
1069 2999 1203 3067 manile-

58 3108 147 3165 stum·
165 3093 215 3160 sit.
257 3028 344 3159 Nihil
365 3089 471 3166 enim,
490 3087 578 3175 quod
600 3084 706 3173 perire
727 3082 869 3152 funditus
890 3086 1009 3174 possit,
1043 3108 1141 3174 quum
1162 3087 1204 3173 sit

13 3248 16 3253 ,
58 3178 239 3249 secundum
269 3174 474 3265 philosophos
503 3166 543 3240 τὸ
576 3174 667 3252 noio,
698 3169 732 3236 id
762 3180 813 3236 est
838 3178 955 3248 omne,
983 3172 1015 3238 in
1041 3173 1204 3259 quodne-

59 3266 161 3334 deunt
188 3265 344 3331 universa.
397 3261 467 3326 Res
500 3269 629 3336 nutem,
669 3278 755 3344 quae
783 3272 871 3324 mors
900 3271 1050 3334 vocatur,
1095 3271 1130 3326 ut
1157 3259 1244 3329 uites

59 3353 208 3425 Servius,
230 3372 293 3415 non
316 3358 366 3414 est
386 3341 569 3420 mors,·sed
590 3342 724 3423 solutio,
757 3343 874 3432 quippe
895 3366 980 3432 quae
1002 3342 1075 3408 nihil
1096 3344 1202 3433 perire

59 3441 147 3507 lucit.
190 3435 287 3502 Unde
308 3434 387 3501 mire
412 3455 431 3497 a
459 3430 619 3518 plerisque
645 3427 792 3496 interitus
819 3431 906 3496 dictu
934 3440 999 3505 est,
1030 3432 1120 3516 quasi
1149 3453 1202 3498 res
1315 3468 1317 3473 ·

58 3523 271 3592 interveniens
292 3533 325 3587 et
344 3518 512 3599 minumum
533 3538 641 3581 rerum
664 3514 892 3582 connexionem
916 3515 1093 3596 resolvens,
1121 3540 1204 3606 qua-

59 3635 124 3702 qne
143 3632 208 3678 uec
227 3608 303 3696 ipsis
325 3605 512 3692 corporibus
531 3603 697 3690 contingat
712 3600 850 3682 interire,
871 3625 970 3691 quum
984 3624 1046 3666 uon
1058 3615 1202 3690 pereant,

60 3697 119 3764 sed
141 3697 173 3762 in
195 3696 349 3761 elementa
373 3691 544 3761 solventur.
1208 3702 1245 3752 eo

150 3785 221 3855 18.·
243 3781 295 3848 De
331 3780 523 3866 purgatione
554 3795 630 3840 vero
660 3771 835 3855 animarum
863 3769 944 3838 mire
971 3769 1126 3852 sentiunt,
1168 3784 1205 3842 ut

43 3868 215 3958 'Virgilius
245 3876 398 3944 testatur,
428 3862 553 3930 dicens:

146 3983 434 4006 -·-··-··--·
475 3946 583 4016 Aliae
605 3942 814 4031 panduntur
835 3940 957 4006 inanes

148 4040 345 4123 Suspensne
367 4034 415 4097 arl
435 4041 572 4110 oestron
599 4028 683 4095 aliis
703 4025 765 4092 sub
785 4025 934 4112 gurgite
954 4033 1053 4090 vaslo

147 4119 328 4208 Injeetum
351 4119 485 4183 eluitur
504 4116 634 4192 scelus,
659 4126 724 4178 cut
746 4111 909 4176 exuritur
928 4109 1018 4197 igni.
1213 4127 1253 4175 es
1277 4118 1281 4123 ·

61 4211 112 4282 lbi
139 4207 224 4276 enim
246 4218 280 4273 et
299 4206 459 4292 poetieam
487 4213 607 4283 servet,
640 4211 674 4268 et
699 4223 720 4269 a
746 4194 952 4291 philosophiis
983 4216 1056 4259 non
1083 4188 1233 4256 sessum„
