2684 4606
344 110 531 260 -n'uuogs
559 156 613 255 n.
636 92 747 243 aa.
777 157 867 246 aaa
914 94 923 99 ”
984 214 990 221 -
1103 163 1194 251 aaa·

352 304 466 420 ddi).
520 342 723 448 Amycus
764 314 892 423 rex.¹
1002 388 1007 418 .·
1081 314 1083 319 Ι

123 472 284 574 Amycus,
324 470 506 562 Bebryciae
538 495 615 554 rex,
659 459 803 564 Neptuni
841 486 875 545 et
910 476 1055 571 Melopes
1095 482 1187 567 filius,

35 579 168 646 semper
187 580 220 623 m
239 557 401 648 Bebrycio
424 581 556 625 nemore
583 559 713 628 insidias
735 572 864 630 secutus
885 576 972 641 erut,
1007 582 1042 635 ut
1063 566 1181 656 siquis

33 645 121 711 forte
140 641 266 710 advena
283 643 357 711 illuc
378 642 560 724 deveniret,
593 649 634 712 ab
665 671 705 712 eo
727 659 871 715 cestuum
899 664 1091 738 provocatus
1112 677 1183 722 cer·

31 728 153 798 tamine
175 729 329 798 interiret.
373 730 471 806 Quod
493 754 591 818 quum
613 731 668 799 diu
688 733 752 821 jam
774 734 913 816 saeeret,
944 736 1087 818 Polluci,
1108 763 1222 812 cunra-

29 815 230 902 Argouautis
245 815 437 906 Bebrycium
457 839 559 906 nuper
575 819 720 906 appulso,
740 842 917 907 provocans
931 845 1016 904 eum,
1042 846 1183 915 congre·
1201 852 1264 875 ···

33 901 130 970 ditur.
175 904 203 973 A
224 924 288 990 quo
305 901 420 975 eodem
442 902 617 971 certamine
637 916 808 994 superatus
827 906 1026 979 interficitur.

431 1071 522 1149 itt.
577 1074 783 1151 Venus.

120 1194 256 1270 Veneris
294 1215 329 1284 et
358 1204 471 1271 Martis
497 1198 658 1272 'adulterio
687 1225 706 1269 a
738 1204 816 1270 Sole
845 1202 975 1273 detecto
1010 1217 1180 1299 postquam
1268 1248 1300 1273 ι.

37 1286 201 1356 Vulcanus
231 1291 343 1356 ambos
374 1291 407 1355 in
432 1288 517 1358 lecto
552 1290 672 1357 catenis
693 1289 906 1358 minutissimis
935 1292 967 1359 in
988 1291 1114 1365 Lemno
1134 1296 1226 1362 iu-to
1321 1306 1322 1309 ’

31 1375 120 1455 sula,
156 1374 211 1440 ubi
242 1376 312 1462 ipse
345 1376 474 1455 colitur,
510 1375 623 1456 cinxit;
662 1382 768 1461 quum'
789 1375 850 1443 diis
871 1379 1016 1445 omnibus
1039 1378 1183 1451 decimas
1289 1384 1300 1412 ⁸

32 1461 165 1548 frugum
187 1463 277 1527 annis
297 1461 455 1528 solverent
476 1460 627 1550 singulis,
649 1460 751 1536 solam¹
769 1462 928 1528 Venerem
951 1464 1117 1548 mulieres,
1149 1468 1183 1535 iu
1245 1468 1249 1479 “

32 1546 191 1614 honorem
216 1548 345 1614 Vulcani
368 1549 410 1613 ob
433 1547 621 1614 adulterium
639 1544 845 1630 damnantes,
866 1550 1182 1636 praetermittendam

33 1655 106 1699 esse
152 1630 311 1702 dixerunt.
360 1634 453 1709 Quae
485 1634 567 1700 irata
604 1632 653 1698 his
688 1632 821 1699 odorem
856 1633 983 1702 immisit
1015 1636 1188 1706 hircinum·
1247 1698 1251 1703 ,

33 1718 132 1784 Unde
155 1720 257 1800 mariti
279 1741 334 1787 eas
356 1733 577 1798 exsecrantes,
606 1717 733 1788 deserta
753 1718 879 1786 Lemno
901 1720 1075 1810 conjugum
1096 1723 1225 1807 odio,1a
1294 1773 1297 1779 -

33 1805 183 1885 Thracas
215 1806 411 1895 petiverunt,
426 1833 429 1836 ⁴
444 1827 621 1894 eorumque
651 1804 711 1870 sibi
739 1804 818 1871 filias
849 1806 992 1872 ascivere
1021 1809 1183 1898 conjugio.

34 1887 132 1963 Quod
156 1888 211 1956 nbi
233 1891 468 1958 Lemniadibus
498 1902 698 1979 compertum
732 1904 803 1972 est,
835 1891 1015 1961 stimulante
1046 1895 1183 1978 Venere,

31 1975 65 2040 in
100 1998 198 2043 omne
231 1998 335 2063 genus
370 1975 455 2042 virile
487 1978 670 2066 conjurant,
713 1988 894 2043 remeantes
918 2000 958 2043 ue
987 2003 1006 2045 e
1040 1980 1185 2049 Thracia

33 2060 115 2129 viros
146 2084 258 2128 onmes
288 2062 480 2131 interimunt.
530 2065 619 2130 Inter
647 2084 727 2152 quas
753 2001 932 2166 Hypsipyle
959 2065 1044 2144 sula,
1078 2068 1178 2155 patris

31 2147 192 2216 Thoantis
222 2150 371 2228 miserta,
402 2170 467 2214 non
495 2149 597 2216 solum
618 2148 647 2214 ei
698 2161 836 2235 epercrt,
868 2166 976 2221 verum
1006 2151 1103 2220 ettam
1126 2153 1223 2230 fu-su

33 2233 177 2320 &entem
201 2233 243 2299 ad
271 2234 343 2301 litus
374 2246 545 2323 prosecuta
568 2247 626 2300 est.
669 2171 767 2300 hunc
789 2234 932 2302 Thoanti
958 2236 1059 2303 Liber
1081 2238 1184 2326 (scili-

35 2330 88 2386 cet
108 2331 205 2409 pater
227 2319 314 2411 ejus)
337 2321 495 2399 occurrit,
524 2340 662 2407 eumque
682 2318 724 2385 ad
746 2320 879 2387 insulam
901 2321 1007 2388 Ghion
1029 2345 1185 2413 prospera

33 2405 243 2494 navigatione
274 2405 430 2495 perduxit
480 2407 627 2474 Lemnon
655 2407 864 2491 Argonautae
894 2421 1067 2490 uenerunt,
1105 2432 1184 2483 ,uos
1216 2467 1217 2471 ,

32 2490 237 2558 Lemniades
251 2492 459 2580 suscipientes
477 2475 620 2581 hospitio
643 2492 778 2565 cumbis
795 2495 1045 2561 concubuerunt.
1124 2518 1183 2586 yp-

33 2576 135 2668 sipyle
157 2601 199 2643 ex
217 2579 333 2644 Iasone
354 2578 436 2644 duos
460 2577 541 2645 filios
563 2576 965 2668 procreavit,Eutreu1net
982 2579 1219 2661 Thoantem.25

33 2663 145 2741 Quum
166 2678 273 2730 autem
295 2667 504 2750 Argonautae
526 2663 665 2755 plurimis
693 2663 751 2729 ibi'
772 2663 886 2729 diebus
914 2662 1035 2733 detenti
1064 2676 1183 2749 essent,
1247 2704 1250 2713 ·

34 2749 246 2827 abflercule
265 2750 428 2839 objurgati
457 2749 682 2817 discesserunt
733 2746 928 2817 Lemniades
957 2762 1063 2818 autem
1092 2763 1183 2840 post-

57 2836 131 2907 uam
152 2835 389 2916 intellexerunt,
421 2836 620 2926 Hypsipylen
641 2845 877 2923 patremsuum
897 2856 1057 2923 seruasse,
1084 2837 1182 2905 inter·

33 2857 135 2987 heere
163 2944 235 2988 eam
265 2933 401 2990 conatae
428 2933 511 2990 sunt.
567 2921 625 2988 llla
661 2918 738 2986 dum
773 2921 807 2987 fu
834 2923 877 3003 ἐ,
916 2944 936 2988 a
965 2920 1182 3010 praedonibus

35 3007 185 3096 captain
214 3006 371 3075 Nemeam
407 3006 576 3098 deportata
604 3006 670 3085 est,
713 3017 745 3074 et
776 2944 1005 3110 az‘pcurgo,
1038 3009 1226 3097 regionisso

34 3092 116 3160 illius
149 3092 239 3180 regi,
275 3093 308 3159 in
337 3094 519 3162 servitutem
541 3092 704 3163 distracta.
755 3092 794 3161 Iu
816 3115 906 3183 quus
935 3094 1063 3163 servitio
1084 3116 1184 3183 quum

35 3178 134 3245 filium
158 3177 337 3266 Ophelten,
371 3181 425 3267 qui
458 3191 533 3268 post
560 3179 775 3245 Archemorus
807 3177 919 3263 dictus„
953 3191 1000 3264 st,
1037 3182 1184 3263 nutriret,

34 3267 117 3353 pusi·
134 3262 279 3333 dracone
298 3267 400 3369 periit.
442 3268 524 3343 Qua·
537 3264 675 3333 orbitate
695 3287 751 3331 rex
770 3260 915 3346 iratus‚¹
955 3274 986 3331 m
1006 3265 1184 3356 in‘Hypsi·

34 3350 132 3441 pylen
150 3349 351 3454 jusdommii
367 3350 458 3420 vellet
478 3373 642 3424 exercere,
666 3370 801 3438 eamque
818 3346 882 3416 lilio
896 3350 1025 3419 inferias
1047 3352 1183 3432 mittere,

36 3437 216 3527 prohibitus
236 3447 285 3504 est
305 3458 325 3503 a
349 3439 504 3519 Graecis,
538 3437 652 3524 quibus
674 3435 795 3503 fontem
826 3437 1020 3517 sitientibus,
1056 3437 1227 3513 interimas

37 3522 114 3590 dum
157 3543 239 3611 puer
274 3524 384 3611 periit,
431 3525 502 3613 ipsa
544 3522 780 3589 demonstravit
837 3523 956 3588 Graeci
1000 3533 1107 3589 autem
1143 3544 1184 3590 ex

36 3628 195 3697 responso
214 3631 389 3697 accepere,
417 3632 471 3675 eus
489 3608 634 3674 minime
657 3605 814 3686 Thebas,
846 3607 917 3672 nisi
929 3606 1087 3694 placatis
1108 3606 1186 3675 Ar-

37 3694 192 3759 chemori
217 3692 400 3774 manibus,
430 3704 667 3782 perventuros.
717 3694 822 3767 Quam
853 3694 895 3758 ob
924 3714 994 3758 rem
1007 3692 1063 3758 ‘illi
1090 3691 1185 3762 ludos
1308 3764 1310 3768 ,

37 3780 192 3847 funebres
228 3779 449 3847 condiderunt.
506 3779 632 3854 Quibus
670 3776 753 3846 ludis
789 3776 985 3870 Hypsipyles
1024 3777 1090 3845 duo
1116 3778 1184 3858 filii,

62 3888 119 3932 uos
142 3888 183 3933 ex
205 3865 322 3934 Iasone
349 3866 479 3945 habuit,
512 3865 703 3945 intererant,
739 3885 820 3952 quos
853 3865 981 3950 lugiens
1001 3863 1128 3951 reliquit
1148 3864 1227 3935 into'

38 3889 186 4033 hemum
219 3950 274 4041 qui
296 3962 330 4018 et
350 3953 409 4042 ipsi
437 3963 571 4019 matrem
600 3962 808 4037 quaerentes,
839 3947 1001 4016 currendo
1030 3950 1183 4019 vicerunt

40 4038 188 4112 Quorum
232 4038 358 4104 nomina
400 4059 520 4124 praeco
557 4057 655 4124 quum
694 4034 930 4124 pronuntiasset
975 4032 1115 4101 Iasonis
1147 4036 1184 4101 et

42 4119 259 4212 Hypsipylea
269 4119 373 4210 filios
396 4145 478 4197 asse,
500 4131 680 4202 mutereos
700 4121 861 4207 cognovit.
902 4119 1009 4196 Quam
1032 4119 1184 4208 agnitum,

42 4222 172 4278 exorato
193 4228 297 4297 rege,
317 4230 392 4279 mox
413 4207 571 4279 Lemnum
593 4210 799 4280 reduxerunt.
