2684 4606
87 184 166 259 rea
359 182 541 284 nyuagr.
578 182 648 259 111.
703 182 742 260 u.
796 181 940 259 ⁷-a

87 366 175 455 qnod
197 367 376 456 perenniter
398 364 585 434 duraturum
606 374 672 446 est;
694 386 756 432 non
777 363 869 447 illud,
894 364 982 455 quod
1002 367 1218 437 transitorium

89 467 146 521 est.
175 456 225 521 Le
251 454 314 521 itur
334 463 440 520 autem
463 464 496 520 et
516 452 548 517 in
563 452 703 533 historia,
723 450 864 517 Ixionem
880 452 1015 538 primum
1030 454 1064 519 in
1077 456 1218 522 Graecia

89 540 180 625 regni
210 474 346 627 gloriam
376 539 564 619 affectasse3
603 538 657 625 qui
691 537 750 603 sibi
786 545 914 604 eentum
945 540 1068 628 equites
1096 540 1218 629 primus

89 623 226 690 omnium
262 623 455 712 conquisivit.
504 621 601 689 Unde
632 634 666 691 et
698 622 854 710 Centauri
884 622 962 691 dicti
992 636 1084 703 sunt,
1126 627 1218 713 quasi

1 753 3 760 ,
63 716 226 774 tuentum
246 708 389 774 arcuati.
431 707 463 773 Is
492 708 591 794 igitur
605 713 608 720 '
624 729 720 796 parvo
740 718 885 795 tempore
907 709 1052 776 celeriter
1078 731 1219 797 regnum

87 794 242 881 adeptus,
274 793 392 859 dehinc
422 812 527 880 regno
557 793 706 883 expulsus
734 802 802 864 est:
834 792 916 859 lnde
936 795 1032 861 etiarn
1053 792 1097 859 ad
1115 810 1219 863 rotam

88 880 255 945 damnatus
287 877 420 957 dicitur,
454 876 542 982 quod
571 892 663 949 rotae
689 878 814 965 vertigo
843 901 926 967 quae
955 880 1121 971 superiora
1146 893 1220 949 sunt

87 964 192 1041 stetim
213 962 344 1053 dejicit.l
370 963 444 1037 Qua
464 978 496 1029 nn
516 984 554 1029 re
579 963 775 1039 ostenditur,
805 964 892 1053 quod
918 965 972 1053 qui
992 986 1052 1054 per
1073 988 1162 1032 arma
1186 978 1219 1034 et

88 1048 266 1117 violentiam
295 1068 433 1135 regnum
468 1048 637 1133 affectant,
695 1050 800 1117 subito
841 1050 1003 1119 elevantur
1043 1061 1077 1118 et
1113 1050 1220 1119 subito

48 1134 324 1223 rodeprimuntur‚
361 1133 443 1206 sicot
480 1143 567 1217 rota,
610 1156 694 1225 quae
731 1134 843 1203 stabile
878 1158 942 1203 non
982 1134 1082 1205 habet
1122 1158 1219 1205 eacu-

88 1242 171 1289 men.

168 1308 200 1373 7.
244 1305 296 1372 De
338 1304 464 1395 poetica
499 1315 606 1372 tamen
645 1303 883 1372 Centaurorum
915 1304 1140 1375 adinventione
1173 1306 1219 1374 sic

86 1391 216 1457 Servius
246 1392 300 1458 ait.
348 1391 473 1467 Quum,
502 1387 625 1479 inquit,
679 1388 787 1457 uidam
814 1390 991 1460 Thessalus
1023 1413 1082 1457 rex
1111 1391 1217 1457 bubos

86 1487 193 1543 oestro
215 1476 343 1565 agitatis
366 1475 514 1544 satellites
535 1498 612 1544 suos
633 1414 679 1542 ad
696 1498 753 1543 eos
774 1475 972 1546 reuocandos
991 1476 1040 1542 ire
1063 1476 1217 1564 jussisset,

46 1576 80 1627 lt
88 1574 120 1630 et
140 1562 174 1627 hi
194 1559 237 1627 ad
261 1568 389 1628 cursum
408 1571 532 1629 tantum
551 1583 613 1628 non
635 1560 836 1641 sufficerent,
911 1585 969 1630 uos
993 1561 1219 1641 ascenderunt,

87 1658 120 1715 et
140 1668 251 1714 eorum
271 1645 438 1713 velocitate
460 1648 556 1713 bores
578 1646 700 1728 secuti,
722 1669 780 1712 eos
801 1646 875 1713 stim
907 1649 933 1716 is
954 1643 997 1714 ad
1017 1658 1107 1715 tecta
1126 1670 1219 1713 revo-

86 1743 209 1799 carunt.
250 1729 319 1797 Sed
342 1730 375 1795 hi
395 1754 494 1820 quum
514 1742 571 1801 aut
590 1731 673 1799 irent
693 1730 861 1812 velociter,
894 1744 951 1801 aut
979 1755 1080 1821 quum
1107 1754 1219 1799 eorum

86 1842 106 1882 c
129 1818 160 1883 ui
176 1818 262 1885 circa
276 1816 407 1882 fluvium
421 1816 564 1885 Peneum
587 1816 743 1906 capitibus
760 1815 915 1886 inclinatis
934 1828 1092 1907 potarent,
1113 1817 1219 1884 locum

87 1903 118 1967 l'u
144 1901 215 1968 ulae
227 1899 394 1981 dederunt,
412 1913 448 1968 ut
458 1901 624 1983 Centauri,
644 1899 678 1967 id
692 1912 741 1969 est
758 1903 993 1971 semihomines
1005 1913 1039 1971 et
1065 1903 1219 1993 semiequi

45 1997 286 2075 soputarentur.
329 1986 483 2053 Centauri
504 1998 651 2054 autema
672 1988 802 2054 Graeco
823 1984 1017 2077 κενταύροις
1038 1987 1115 2055 dicti
1136 2000 1218 2057 sunt

87 2072 143 2139 Alii
174 2095 249 2137 varo
277 2071 515 2138 Centaurorum
542 2071 682 2139 fabulam
713 2074 883 2141 confictam
911 2096 983 2142 esse
1006 2086 1154 2141 asserunt
1176 2073 1218 2140 ad

87 2156 324 2246 exprimendum
353 2156 621 2226 humanae-vitae
649 2156 867 2239 velocitatem,
901 2160 976 2248 quia
1000 2181 1120 2247 equum
1141 2182 1218 2229 con-

87 2255 151 2311 stat
179 2265 250 2309 esse
279 2241 518 2310 velocissimum.
567 2243 655 2309 Sane
683 2242 725 2310 de
754 2244 819 2323 his,
860 2253 896 2312 ut
931 2244 1020 2336 ajunt
1052 2244 1155 2311 Stoici
1186 2254 1219 2311 et

88 2326 285 2408 Academici,
319 2336 352 2394 et
379 2328 512 2409 ceteris,
545 2350 629 2416 quae
656 2338 770 2401 contra
795 2340 942 2398 naturam
965 2329 1116 2397 dicuntur
1139 2330 1219 2409 lieri,

44 2411 324 2501 eaintelligendum
347 2425 413 2493 est,
441 2436 503 2479 non
525 2413 728 2503 quod-liant,
757 2413 816 2481 sed
838 2412 924 2503 quod
942 2413 1130 2505 plerumque
1151 2415 1222 2482 fieri

25 2514 44 2588 J
77 2499 259 2566 uideantur.
303 2498 377 2573 Qua
397 2497 440 2564 de
464 2520 500 2565 re
522 2508 632 2589 aptum
652 2500 869 2595 Hieronymus
891 2499 1119 2603 exemplum'in
1138 2499 1219 2566 libro

86 2580 129 2650 de
151 2585 228 2651 Vitis
251 2584 386 2650 Patrum
406 2593 533 2665 narrat,
555 2585 608 2651 ubl
630 2582 673 2649 de
693 2584 853 2657 miraculis
873 2584 1007 2653 Macani
1028 2586 1107 2653 arte
1150 2588 1219 2654 Cu-

81 2669 211 2757 jusdnm
233 2669 334 2750 enim,
361 2668 480 2758 inquit,
504 2668 737 2758 patrisfamilias
759 2669 851 2759 virgo
873 2670 936 2737 filia
956 2692 1016 2760 per
1049 2608 1219 2739 liantasias

87 2757 229 2842 magicas
259 2754 292 2820 in
321 2756 470 2842 equinum
498 2755 612 2823 animal
642 2775 733 2821 versa
760 2756 938 2823 hominibus
963 2694 1149 2839 ridellatur,
1184 2767 1221 2825 ut

44 2862 79 2909 :so
89 2863 199 2907 revera
231 2860 314 2927 equa
341 2863 413 2907 esse
439 2862 502 2905 non
522 2840 627 2928 puella
648 2849 824 2929 putaretur.
866 2841 963 2907 Hanc
983 2864 1083 2931 quum
1105 2864 1220 2931 paren-

87 2940 133 2992 tes
166 2924 207 2991 ud
235 2936 379 2992 sanctum
400 2925 577 2993 Macarium
609 2924 790 3007 duxissent,
824 2937 857 2993 et
885 2924 953 3005 ille,
982 2926 1070 3017 qaia
1092 2927 1225 2994 vellent

86 3021 345 3099 percontaretur,
373 3010 536 3079 dixerunt:
566 3008 663 3161 Epora
683 3009 782 3091 haee,
814 3032 908 3100 quam
932 3009 1039 3079 vident
1059 3011 1144 3078 oculi
1165 3012 1222 3091 tui,

85 3097 190 3185 puella
211 3098 302 3183 virgo
326 3105 359 3161 et
378 3096 441 3164 filia
463 3107 573 3164 nostra
609 3097 671 3176 uit;
693 3094 752 3164 sed
773 3096 917 3163 homines
938 3096 1065 3186 pessimi
1086 3096 1222 3185 magicis

87 3183 206 3249 artibus
231 3183 266 3249 in
300 3180 415 3248 animal
443 3182 528 3260 hoc,
561 3180 649 3270 quod
678 3179 783 3262 vides,
817 3193 990 3250 verterunt
1045 3180 1220 3274 Rogamus

43 3286 185 3355 mergo,
207 3280 338 3358 utores
361 3266 403 3333 ad
424 3267 602 3347 dominum,
632 3278 667 3334 ut
691 3277 865 3334 commutet
885 3291 957 3334 eam
977 3267 1008 3333 ln
1031 3268 1112 3349 lroc,
1134 3266 1223 3373 qnod

87 3356 155 3421 l'uit.
200 3357 241 3421 At
271 3351 324 3418 ille
355 3354 416 3422 ait:
449 3353 527 3441 Ego
558 3350 641 3419 hanc
690 3373 763 3419 uam
784 3351 949 3420 ostenditis
970 3352 1106 3442 puellam
1128 3354 1222 3421 video

87 3440 159 3505 nihil
186 3442 218 3505 in
240 3462 276 3504 se
296 3438 429 3528 pecudis
452 3439 630 3508 habentem.
667 3374 743 3504 llos
766 3449 889 3519 autem,
911 3438 999 3526 quod
1022 3437 1137 3520 dicitis,
1158 3461 1222 3506 non

84 3536 134 3591 cst
154 3528 186 3591 in
213 3524 280 3613 ejus
312 3545 467 3614 corpore,
503 3521 562 3588 sed
594 3522 626 3589 in
656 3522 756 3589 oculis
784 3524 984 3591 intuentium.
1026 3523 1222 3593 Phantasiae

86 3612 168 3678 eninr
192 3610 384 3678 daemonnm
406 3620 481 3676 sunt
507 3608 605 3687 istae,
645 3629 707 3673 non
741 3610 856 3676 veritas
889 3632 1006 3675 rerum.
1048 3610 1222 3702 Quumque

42 3716 156 3763 uocum
178 3720 251 3764 cum
274 3693 460 3783 parentibus
481 3693 547 3759 suis
568 3694 601 3759 ln
624 3693 766 3759 cellulam
797 3718 888 3763 suam
914 3692 1160 3775 introduxisset,
1190 3710 1223 3765 et

86 3781 249 3849 dominum
275 3790 409 3859 orasset,
430 3778 566 3869 oleoque
583 3800 655 3843 earn
677 3780 709 3843 in
733 3780 858 3847 nomlne
879 3780 996 3846 domini
1012 3782 1222 3868 perunxisset,

85 3870 171 3934 orsini
191 3864 313 3932 fallacia
333 3867 418 3933 visus
440 3865 590 3953 expulsa,
621 3864 776 3952 virginem
801 3866 966 3941 omnibus,
996 3876 1032 3932 ut
1053 3866 1113 3933 sibi
1134 3869 1221 3933 vide-

88 3958 195 4030 batur,
225 3950 341 4017 ellecit.
384 3947 512 4016 Idcirco
535 3948 630 4015 etlam
657 3951 786 4029 maaica
812 3952 987 4019 arsornuis
1011 3951 1222 4035 allemanie,

87 4059 121 4106 m
143 4034 263 4103 Plinius
284 4033 455 4102 Secundus
477 4037 508 4102 in
530 4032 676 4102 Naturali
700 4020 845 4103 Historia
866 4035 981 4116 docet,
1011 4036 1140 4106 exclusa
1164 4053 1222 4107 est.

42 4138 101 4206 ts·-
169 4125 198 4185 s.
243 4118 310 4183 Sed
328 4119 545 4189 adivertieulo
567 4118 679 4202 adid,
701 4121 789 4209 quod
810 4122 987 4209 coepimus,
1015 4134 1221 4193 revertamur.

84 4212 135 4275 Dc
159 4228 216 4281 co,
249 4204 337 4289 quod
359 4206 518 4280 lunonem
540 4213 648 4275 aerem
670 4205 823 4290 dicimus,
854 4207 931 4275 illud
954 4208 1023 4298 ejus
1045 4232 1119 4277 oum
1141 4212 1221 4277 Jove

100 4495 249 4570 ἢ
