2684 4606
304 178 586 287 nyssam.
642 157 706 257 aa.
761 178 909 272 s-a-
1003 296 1006 303 ¹
1101 134 1211 268 ess
1254 146 1312 228 ·'

69 360 264 428 senitentiaa
293 372 444 450 mentem¹
466 362 593 450 pungit.
641 362 788 430 Primum
818 381 899 449 ergo
927 362 959 431 in
989 364 1098 434 amore
1134 383 1185 441 est

67 447 215 528 roboare,
249 447 426 515 secundum
463 449 609 536 explere,
648 451 776 516 tertium
812 449 855 535 de
891 449 1021 516 crimine
1047 460 1183 555 peracto

67 533 220 598 cenitere.
263 533 308 601 Et
327 544 433 623 potest
453 532 519 600 hoc·
527 535 661 622 quisque
682 556 740 600 seu
762 557 820 621 per
833 544 964 602 aetates
983 538 1183 627 distinguere
1251 605 1257 619 ,

67 639 102 681 eu
125 619 159 683 iu
181 616 321 709 quolibet
342 621 514 686 concubitu
537 634 698 687 annotare.
751 620 847 705 Quod
881 633 987 687 autem
1009 624 1181 697 Chimaera
1295 670 1298 679 =

67 724 187 770 morem
209 702 378 792 designet,
397 705 499 773 innuit
518 707 675 774 Horatius
695 705 739 773 ad
759 715 917 775 amantem
938 706 1066 779 dicens:
1156 714 1162 721 ’
1184 745 1204 796 5
1323 759 1327 770 ι

134 789 171 856 V
171 789 211 854 ix
232 790 416 876 illigatam
438 801 472 855 te
488 789 652 878 Χίνιγονηιί
1007 798 1029 834 ·‘

214 874 376 960 Pegasus
397 874 556 961 expediet
577 876 772 945 Chimaera.

69 956 175 1023 errius
208 968 316 1025 tameo
346 961 409 1035 hoc
439 957 482 1025 ad
501 961 664 1045 historiam
696 972 832 1048 torquet
886 964 1034 1047 Revera,
1069 966 1180 1054 iuquit,

67 1043 218 1118 bimaera
238 1067 329 1111 mons
364 1045 495 1119 Ciliciae
527 1057 593 1128 est,
635 1047 851 1137 cujusshodie
885 1050 979 1118 ardet
993 1074 1180 1130 cacumen,-

67 1138 129 1193 rxta
151 1147 307 1195 cacumen
330 1153 404 1197 vero
425 1130 533 1199 leones
555 1133 742 1210 mansitant3
780 1131 885 1198 media
919 1148 1026 1202 autem
1041 1133 1044 1145 ’
1058 1159 1222 1224 pascuam

67 1225 135 1295 rut3
170 1216 233 1279 ima
253 1237 329 1281 vero
350 1217 550 1303 serpentibus
577 1230 653 1285 sunt
694 1217 773 1282 lena.
816 1219 915 1284 Hunc
943 1233 1083 1289 montem
1102 1223 1178 1289 Bel-

70 1300 195 1386 rophon
218 1301 418 1368 habitabilem
439 1301 534 1383 fecit3
559 1301 645 1369 unde
667 1242 868 1370 Chimaeram
885 1303 997 1373 dicitur
1013 1305 1178 1376 occidisse.
1222 1316 1225 1325 “

67 1386 137 1450 lanc
159 1386 235 1451 satis
258 1401 386 1474 aperte,
410 1385 469 1454 sed
491 1388 653 1473 fabulose,
676 1388 828 1455 describit
850 1391 1002 1472 Ovidius,
1025 1394 1155 1459 dicens:
1180 1461 1188 1483 .

125 1469 270 1555 Quoque
293 1473 479 1537 Chimaera
501 1475 611 1559 jugo,
641 1474 769 1539 mediis
802 1474 1023 1558 inpartibus
1044 1479 1174 1565 ignem,
1238 1480 1243 1487 ’
1279 1477 1288 1497 '

124 1555 260 1634 I'ectu's'
280 1567 314 1623 et
333 1579 397 1620 ora
417 1556 509 1636 leae,
541 1556 691 1623 caudam
711 1560 884 1644 serpentia
904 1557 1061 1645 trahebat.
1151 1637 1155 1649 Ι
1181 1574 1235 1645 15*

248 1692 313 1769 15.
375 1685 630 1771 Duodecim
665 1695 792 1771 caeli.
818 1697 965 1797 signa.

122 1815 154 1879 1.
198 1814 469 1882 Duodecimsunt
489 1816 582 1902 signa
604 1814 701 1896 caeli,
736 1814 857 1882 scilicet
886 1817 998 1898 Aries,
1032 1818 1190 1904 manue·
1263 1826 1267 1837 “

67 1898 183 1978 emini,
205 1902 349 1981 Cancer,
371 1900 466 1984 Leo,
484 1904 608 1988 Virgo,
635 1901 755 1980 Libra,
782 1901 938 1989 Scorpio,
967 1905 1172 1991 Sagittarius,
1206 1963 1208 1967 ,
1292 1933 1294 1937 ’

67 1988 267 2074 apricoruus,
289 1987 444 2081 Aquarius
466 1998 498 2054 et
511 1988 634 2057 Pisces.
674 1987 825 2076 Juppiter
841 1991 954 2074 genuit
971 2013 1011 2055 ex
1033 1992 1215 2079 quadamao

67 2072 189 2161 ympha
206 2074 209 2079 ’
224 2073 409 2162 Nephelen,
441 2096 536 2161 quam
570 2074 736 2154 Athamas,
769 2095 826 2138 rex
857 2072 1049 2154 Thebanus,
1082 2079 1173 2146 duxit

67 2182 191 2235 rorem,
225 2180 262 2224 ex
292 2181 356 2248 qua
384 2161 498 2245 genuit
514 2158 671 2225 Phrixum
704 2169 737 2224 et
763 2156 887 2225 Hellen.
942 2161 1015 2234 Qua
1027 2202 1033 2216 ·-
1044 2176 1172 2232 mortua

67 2270 80 2311 s
106 2242 295 2330 superduxit
322 2244 474 2324 Inonem,
504 2245 598 2310 filiani
622 2242 752 2322 Cadmi,
793 2266 877 2330 quae
897 2268 988 2312 more
1014 2260 1184 2316 novercae

67 2353 121 2394 sos
156 2327 231 2394 odio
261 2330 372 2397 habuit
398 2332 430 2394 in
457 2340 600 2410 tantum,
631 2329 720 2418 quod
747 2326 912 2396 dedomo
940 2335 1052 2419 expelli
1083 2337 1167 2402 lecit

67 2417 97 2480 ui
120 2437 219 2502 quum
242 2415 284 2481 ad
305 2436 395 2481 mare
414 2416 650 2503 pervenissent,
678 2414 828 2501 luppiter
861 2439 939 2482 avus
961 2418 1023 2493 vel,
1059 2432 1095 2485 ut
1115 2420 1209 2486 atrias

67 2514 162 2579 cunt,
181 2500 241 2567 Isis
264 2512 434 2567 matertera
457 2501 546 2567 dedit
563 2502 599 2567 iis
621 2501 751 2567 arietem
773 2521 906 2566 aureum
928 2502 1023 2569 vellus
1045 2504 1165 2571 haben-

67 2609 114 2665 m,
132 2596 203 2674 ‘quo
224 2587 469 2655 transfretarent
490 2609 577 2654 mare
598 2587 661 2657 boc
680 2597 787 2674 pacto,
808 2608 850 2651 ne
869 2598 957 2654 retro
978 2590 1165 2676 aspicerent.
1267 2667 1269 2671 ,

67 2672 127 2737 elle
161 2693 237 2736 vero
266 2684 303 2739 ut
328 2673 525 2740 incontinens
554 2684 587 2739 et
614 2671 724 2739 timida
744 2681 830 2737 retro
849 2673 986 2761 aspexit,
1025 2675 1111 2742 unde
1132 2688 1169 2744 et·

95 2777 188 2823 mare
212 2779 318 2823 mersa
346 2768 404 2826 est.
458 2757 540 2824 Inde
575 2756 873 2844 Hellesponticum
915 2780 1006 2825 mare
1041 2759 1165 2831 dieitur.

67 2843 170 2907 rrixus
192 2844 348 2922 transivit,
383 2845 512 2912 arietem
535 2842 722 2920 excoriavit,
752 2842 874 2908 corium
903 2864 983 2911 auro
1015 2844 1210 2936 implevitao'

91 2926 190 2994 Marti
220 2929 251 2992 in
281 2929 405 2995 Colcho
433 2930 534 2997 insula
567 2927 738 2995 dedicarit.
789 2928 877 2994 Caro
892 2942 981 2996 'vero
1011 2933 1164 3002 translata

67 3013 132 3079 tiu
154 3015 295 3095 caelum,
332 3029 365 3082 et
393 3038 432 3080 ex
462 3040 500 3083 ea
524 3015 642 3080 lactum
662 3026 712 3081 est
732 3012 859 3100 signum
881 3015 1039 3099 caeleste,
1074 3020 1161 3106 quod

67 3099 120 3165 ies
142 3097 286 3166 dicitur.·
310 3100 356 3168 Et
400 3102 467 3181 uia,
503 3122 600 3187 quum
628 3099 686 3167 luit
704 3099 746 3173 ,in
774 3099 883 3182 litore,
912 3115 999 3169 retro
1029 3107 1161 3193 aspexit,

67 3206 192 3272 mquam
225 3185 331 3250 rolens
385 3185 481 3252 'allen
513 3185 637 3265 ridere,
677 3183 751 3250 ideo
779 3186 877 3259 sicin
899 3187 989 3255 caelo
1019 3205 1162 3278 apparet.

67 3271 169 3360 lysiae
179 3268 294 3337 dicitur
306 3294 378 3337 esse
390 3273 478 3339 solin
491 3275 607 3352 Ariete,
627 3271 701 3359 quia
717 3270 833 3336 vernali
845 3273 1050 3357 aequinoctio*
1058 3298 1159 3363 nsque

67 3412 69 3419 ,
82 3356 266 3423 autumnale
279 3359 379 3427 ourrit
393 3380 453 3461 per
465 3359 609 3444 dextrum
619 3357 698 3423 latus
712 3357 951 3445 hemisphaerii;
972 3359 1054 3426 sicut
1069 3363 1157 3428 Aries
1179 3363 1184 3372 '
1228 3405 1230 3409 .

67 3464 154 3530 mper
166 3441 217 3507 illo
230 3452 377 3529 tempore
392 3446 544 3513 incumbit
556 3447 588 3510 in
605 3443 750 3510 dextrum
765 3442 856 3509 latus.
898 3444 944 3509 Et
957 3445 1039 3512 sicut
1054 3447 1101 3512 sol
1117 3450 1199 3522 absa

67 3528 199 3594 tumnali
209 3528 409 3616 aequinoctio
418 3555 526 3621 usque
537 3531 578 3598 ad
589 3530 714 3595 vernale
725 3527 811 3594 vadit
824 3550 882 3616 per
894 3529 1050 3596 sinistrum
1065 3531 1157 3615 latus,
1275 3532 1276 3539 '

67 3616 183 3689 rAries
204 3638 332 3702 semper
346 3616 402 3681 illo
422 3631 486 3685 teru
512 3641 569 3684 ore
587 3617 741 3682 incumbit
759 3617 790 3681 in
812 3615 970 3681 sinistrum
982 3616 1080 3690 latus.

108 3702 140 3767 2.
185 3701 330 3787 Agenor,
350 3725 407 3768 rex
428 3643 562 3793 Lydiae,
583 3704 638 3790 qui
660 3715 692 3769 et
712 3703 751 3767 in.
767 3701 868 3791 'I'yro'
881 3712 914 3766 et
937 3700 1057 3768 Sidone
1079 3726 1155 3791 reg-

67 3785 118 3864 rit‚
140 3783 237 3852 filiam
258 3787 368 3855 habuit
388 3790 540 3867 mirificae
564 3790 695 3868 formae,
715 3789 840 3853 nomine
864 3785 1037 3873 Europam,
1058 3810 1153 3876 quam

68 3873 174 3961 ppiter
192 3872 224 3936 in
239 3874 347 3959 specie
362 3876 487 3943 candidi
499 3876 580 3945 tauri
598 3876 710 3963 rapuit.
746 3875 839 3945 Unde
852 3882 963 3960 postea
978 3872 1010 3937 in
1025 3876 1150 3960 signum
1160 3878 1201 3948 to‘

68 3958 272 4024 noristaurus
287 3961 454 4030 translatus
473 3977 522 4030 est
542 3964 573 4026 in
588 3963 719 4039 caelum,
739 3974 820 4027 etex
838 3981 877 4024 eo
892 3959 1009 4023 sactum
1026 3962 1150 4045 signum

67 4043 110 4109 od
131 4043 250 4110 dicitur
271 4045 408 4114 Taurus.
451 4051 508 4116 Alii
530 4048 656 4128 dicunt,
679 4049 767 4135 quod
787 4046 846 4111 luit
865 4064 983 4145 vacca,
1007 4045 1037 4110 in
1061 4048 1168 4133 cnjus,

66 4153 125 4196 'ma
148 4131 208 4196 suit
224 4131 278 4209 lo,
299 4133 361 4199 filia
379 4135 487 4204 Inachi
509 4137 611 4216 lluvii,
656 4157 716 4199 uae
736 4133 886 4200 translata
907 4139 955 4195 est
975 4152 1006 4193 1n
1025 4133 1147 4198 caelum

76 4217 208 4304 signum
228 4218 345 4286 amoris
370 4220 466 4290 Joris.
517 4220 614 4290 Unde
633 4160 772 4293 llxidius
794 4222 834 4289 in
847 4217 1125 4300 heumannus.
1244 4254 1247 4261 ·

161 4350 175 4386 l
