2684 4606
105 213 188 303 tec
238 214 352 291 noo.
376 211 529 290 sno..
551 216 589 287 ι..
614 212 727 327 ...a
750 211 831 309 ιιι,
864 210 916 309 o,
945 155 1138 311 ιοςζ-ιι..

194 403 246 469 10·
288 419 415 477 strunt
431 420 480 474 Ae.
497 422 524 486 6,
538 413 602 478 124.
619 445 656 459 -
690 417 763 490 Quia
782 416 846 472 eer‘o
862 417 900 474 N.
919 446 957 458 -
981 416 1162 488 aliquantum
1175 419 1216 474 N·

107 495 144 547 24
168 490 240 544 ratio
262 487 284 542 L
301 493 328 546 N
342 520 378 533 -
392 486 429 546 ’33
449 491 600 561 paritatem
615 489 669 558 ecl)
697 507 748 544 om.
766 490 799 544 M
815 491 851 544 N.
897 490 965 542 “De
988 491 1148 544 animarum·
1159 490 1218 558 origi

107 567 211 632 legatur
233 565 351 630 perutilis
374 563 508 616 adnotatio
532 560 655 616 historice
684 561 826 615 doctissimi
850 560 970 615 Lusitani
993 560 1109 632 Ignatii
1133 562 1219 614 Monte

108 638 138 691 S.
157 637 182 688 J.
200 634 343 704 metaphys.
367 635 443 688 Tom-
459 637 485 690 l.
503 639 569 703 pert.
585 638 614 688 3.
630 653 658 704 p.
674 629 726 687 341
744 634 808 700 sqq.
836 627 883 697 Ibi
894 634 974 686 'enim
1000 649 1167 700 cognoscere
1186 648 1220 689 ιιι

107 709 197 761 metim
215 707 277 758 licet
294 707 415 774 quicquid
433 721 484 758 non
501 712 604 759 veteres
620 707 705 760 sotum
722 703 884 774 philosophi,
910 720 1004 758 verum
1022 706 1109 759 etiam
1127 705 1221 759 Christis

107 779 187 851 ntiqui
214 778 334 830 doctores
359 784 462 848 praeter
479 779 614 849 veritatem
632 778 753 831 alucineti
770 774 858 829 sunt.”
893 774 1004 830 Morus.
1024 797 1070 815 ·-
1094 778 1222 846 portiom

108 851 201 904 “Haec
218 851 345 902 sententia
362 850 396 902 ad
419 847 612 920 panthcismum
638 846 748 917 vergit.”
782 848 889 906 Marus.
903 872 941 888 -
957 852 997 901 26
1022 856 1063 919 ut¹
1084 849 1182 916 ajunt)
1204 864 1223 903 οι

107 921 150 976 Μ.
165 949 202 960 -
218 924 254 973 31
282 920 352 991 quia
366 939 417 992 per
433 922 469 978 N.
483 946 522 960 ·-
544 920 684 988 tumente)
709 928 762 973 om.
786 919 873 973 N.·-
887 920 926 971 33
949 919 977 972 si
1001 916 1035 970 de
1060 919 1113 971 deo
1137 929 1166 971 et
1186 920 1224 971 ele

106 992 144 1047 Ν.
160 1019 197 1031 -
214 1000 365 1044 nascantur
383 991 422 1047 M.
437 1018 476 1033 -·
493 995 530 1044 30
547 1001 610 1045 nat.
628 1010 698 1050 omn.
713 990 736 1043 L
753 988 788 1044 N.
806 994 898 1043 -30
921 1006 940 1041 a
959 989 1025 1056 deo,
1056 991 1129 1063 quid
1145 988 1178 1043 ab
1193 991 1225 1062 ipe

107 1081 145 1115 es.
167 1079 198 1130 p.
221 1061 296 1114 elem.
320 1063 362 1117 Μ.
377 1090 414 1103 -
431 1068 467 1116 33
487 1061 623 1135 probatur
640 1062 680 1130 L;
703 1058 821 1132 probant
842 1062 878 1118 N.
895 1086 933 1100 -·
951 1065 990 1114 34
1015 1071 1046 1113 et
1072 1062 1150 1115 calor
1172 1065 1225 1117 N.·

108 1133 181 1189 sieut
198 1131 273 1187 elem.
292 1152 359 1187 omn.
377 1135 416 1200 L;
443 1134 490 1187 sic.
509 1152 578 1192 omn.
596 1133 669 1188 elem.
686 1134 721 1188 N·
731 1156 771 1174 *-
787 1136 824 1203 ⁸⁵.
841 1132 919 1200 vero)
936 1148 991 1190 om.
1007 1126 1043 1186 L.
1057 1161 1099 1172 —
1111 1139 1149 1188 36
1167 1137 1226 1186 Prot

109 1213 143 1256 ut
161 1203 242 1270 deus,
265 1204 349 1257 sicet
367 1223 437 1276 corp.
455 1204 506 1256 itta
529 1206 561 1261 L.
576 1232 615 1246 -
630 1209 667 1258 31
685 1212 779 1256 contra
795 1220 858 1256 vero
877 1221 924 1255 an.
952 1205 990 1258 Ν.
1005 1230 1046 1244 -
1067 1209 1109 1258 38
1133 1204 1227 1257 elem

108 1284 254 1327 mutantur
270 1276 363 1330 M.-
385 1276 493 1347 proprie
509 1277 594 1331 N.-
613 1278 649 1329 40
674 1275 850 1348 inferunt'N.
864 1301 904 1315 —
928 1272 1004 1346 quod
1026 1275 1096 1327 inde
1120 1279 1155 1332 N.
1171 1278 1228 1331 -1

109 1345 197 1412 ducit)
214 1346 302 1398 trahit
317 1347 352 1401 L.
365 1375 403 1389 -
436 1348 503 1417 Set)
521 1347 552 1400 Si
568 1346 595 1402 Ι.’
609 1349 644 1403 Ν.
658 1375 696 1387 ·-
718 1345 863 1399 occurrerit
881 1346 917 1400 Ν.
935 1345 999 1405 Vid.
1019 1348 1101 1403 Serv.
1120 1349 1153 1402 ad
1171 1349 1229 1401 Aet

108 1421 172 1471 724.
182 1422 260 1471 —42
279 1419 351 1491 quoti
367 1419 439 1472 ratio
452 1419 518 1488 plus
535 1420 556 1472 L
575 1420 658 1473 N.-
671 1417 738 1486 illis)
757 1416 820 1469 otiis
831 1418 866 1471 N.
880 1444 919 1458 -
935 1420 971 1470 43
991 1417 1073 1489 viget
1095 1420 1163 1474 LN.
1176 1420 1229 1473 -Ι

103 1487 215 1560 fuerint
230 1490 277 1554 M3
296 1490 376 1558 fiunt
392 1491 427 1544 Ν.
442 1517 478 1530 ·-
491 1489 561 1560 eir.)
576 1491 714 1543 nutantia.
731 1514 769 1530 ·-·
785 1492 821 1542 46
838 1486 967 1541 emmelis
986 1488 1009 1542 L
1022 1491 1061 1548 N.
1080 1520 1120 1530 —
1134 1510 1162 1560 p.
1171 1495 1225 1557 loo,

107 1560 162 1612 aiv.
179 1559 294 1613 rationis
311 1561 342 1615 L.
355 1590 392 1601 -
410 1561 439 1613 in
456 1564 539 1627 satis)
555 1562 651 1634 infans
669 1562 707 1628 L;
724 1559 753 1612 in
771 1560 834 1613 aliis
851 1560 881 1611 in
893 1559 965 1612 satis
983 1559 1231 1628 invali11003iuet

107 1632 151 1683 nis
169 1630 288 1685 invalido
305 1633 337 1685 D.
350 1658 387 1672 —-
402 1636 422 1686 2
442 1633 510 1684 adeo
527 1642 560 1685 ut
596 1651 624 1686 ιι.
642 1633 678 1687 Ν.
692 1636 763 1685 -3
780 1633 890 1701 exejus
915 1630 996 1703 quale
1012 1633 1033 1686 L
1052 1635 1092 1688 Ν.
1108 1641 1177 1688 -5
1193 1624 1232 1685 Gi

108 1702 163 1770 Ios)
178 1703 327 1755 teutonicas
343 1704 376 1760 L.
392 1731 427 1742 -·
444 1704 500 1776 ing.
515 1654 607 1757 viai.
625 1705 660 1760 N.
675 1731 712 1742 -
729 1708 746 1757 6
763 1721 796 1754 ex
815 1701 899 1773 quad.
912 1721 944 1771 p.
961 1702 1001 1768 L;
1031 1722 1069 1754 ex
1096 1722 1148 1759 om.
1166 1705 1232 1770 N;·='

106 1773 276 1901 ἴρῇσῇεηᾰὲι
299 1774 453 1898 113.thst
471 1773 509 1857 ad
522 1774 604 1902 {th
621 1773 752 1863 transtul.
770 1775 839 1829 ΙΝ.
854 1780 926 1831 -1
950 1783 1064 1854 mutare
1086 1795 1123 1828 ex
1143 1795 1175 1855 p.
1192 1766 1233 1829 ‘id'

171 1882 180 1900 .
208 1874 230 1884 -
282 1882 284 1887 ,
330 1863 345 1897 e
375 1863 419 1898 oo
436 1863 506 1899 emm
586 1879 595 1900 .
1229 1896 1232 1901 .

166 1916 171 1926 ·
1224 1902 1234 1933 3

194 1964 246 2031 11.
290 1981 366 2037 sev.
383 1977 417 2033 ..ι
431 1979 479 2031 ιε.
493 1981 519 2044 c,
532 1980 596 2033 ree.
613 2006 651 2019 -
666 1979 719 2046 ee)
736 1974 909 2057 ..1111-
926 1981 961 2034 11
998 1979 1097 2054 Atqui
1112 1983 1154 2041 Μ,
1168 2009 1195 2022 -
1219 1968 1235 2057 q

106 2047 203 2120 animi)
221 2067 273 2107 om.
289 2050 313 2103 Ι.
325 2052 360 2107 Ν.
375 2077 412 2090 —
430 2046 522 2100 debuit
539 2059 600 2107 nat.
618 2068 687 2104 corr.
704 2051 727 2104 Ι.
740 2051 776 2105 Ν.
791 2076 828 2117 -τ
848 2051 998 2122 14“9ιιαιιι)
1017 2069 1048 2104 ea
1069 2054 1094 2107 L
1111 2055 1149 2111 N.
1163 2082 1199 2092 -
1213 2052 1236 2107 ἷΙ

106 2121 235 2174 cludatur
252 2122 292 2176 Μ.
306 2120 389 2184 -in
405 2118 494 2191 fovea
512 2121 548 2179 N.
562 2149 601 2162 -
618 2125 652 2175 1⁵
678 2102 743 2191 imp.
767 2119 828 2173 inde
847 2132 932 2172 suam·
949 2122 1088 2176 uirtutem
1111 2145 1165 2178 non
1183 2112 1237 2195 ped

79 2234 82 2239 .
105 2193 142 2248 Ν.
159 2220 194 2234 ·-
212 2198 247 2246 16
274 2193 317 2246 ita
339 2200 368 2244 et
391 2194 432 2256 N3
457 2191 497 2244 sic
520 2201 548 2243 et
572 2191 604 2250 L.
621 2220 658 2232 —
677 2193 762 2261 vitia)
786 2191 872 2244 eitam
891 2192 933 2248 M.
949 2201 989 2234 -ἑ-
1007 2199 1043 2247 18
1094 2199 1178 2249 Omne
1200 2200 1237 2251 ..t

22 2322 25 2338 ,
105 2263 188 2319 anim.
205 2261 399 2333 corrumpitur)
418 2279 470 2320 om.
489 2262 520 2317 L.
535 2292 572 2302 -
589 2268 625 2318 20
645 2264 703 2332 cui)
723 2282 803 2336 quum
822 2264 862 2319 M·
878 2290 916 2302 -
934 2263 992 2316 sint
1009 2275 1102 2320 contr.
1122 2270 1163 2326 M.
1175 2252 1238 2321 -Ν

104 2335 192 2403 ratio)
215 2336 274 2388 idea
298 2336 339 2390 M.
357 2362 394 2375 -
416 2334 589 2408 refringatur
612 2336 644 2390 L.
666 2363 705 2376 -
733 2333 861 2406 inquiunt
881 2352 934 2403 per
956 2353 985 2388 se
1008 2336 1089 2400 Ι.Ν.
1107 2343 1200 2406 ——2'1
1214 2346 1239 2392 ri

104 2415 199 2458 tracta
222 2406 361 2475 legendum
384 2411 434 2463 ost.
450 2431 488 2446 ·-
517 2405 627 2479 quenda
650 2414 743 2460 autem
761 2407 803 2474 N3
835 2422 904 2478 quae
928 2405 958 2461 si,
979 2417 1089 2461 retecta
1114 2412 1156 2472 Μ.
1172 2398 1240 2517 -ς

1226 2538 1240 2575 n

105 2477 263 2550 antiquum)
280 2496 360 2532 suum
377 2477 421 2532 M·
558 2496 561 2504 ¹
743 2532 751 2567 1
770 2523 771 2529 ,

146 2645 149 2658 ,
193 2577 260 2651 12..
286 2590 674 2659 8331313331-
700 2591 849 2663 propriam)
881 2608 936 2646 om.
962 2593 1000 2651 N.
1025 2621 1065 2636 ·-
1084 2600 1123 2652 35
1146 2582 1241 2669 pm

104 2664 177 2720 LN.
190 2690 228 2705 -
242 2663 354 2734 patitur
372 2681 418 2732 ap.
436 2664 492 2734 ins.
509 2665 549 2730 L;
575 2662 670 2734 recipit
689 2682 733 2733 ap.
756 2664 810 2739 inf.
827 2665 863 2719 Ν.
876 2691 913 2705 -
932 2666 1038 2732 ajunt).
1055 2683 1113 2722 om.
1132 2668 1154 2722 L
1174 2668 1242 2727 ΝΑ,

104 2742 142 2789 36
154 2736 245 2807 posito
261 2735 293 2788 Ι..
307 2762 346 2775 —-
363 2735 480 2808 vigorem
501 2734 523 2788 L
540 2736 578 2789 N.
595 2762 632 2774 -
650 2740 687 2788 31
704 2735 816 2804 speciem
834 2734 979 2787 candidam
995 2737 1019 2789 G
1033 2739 1071 2792 D.
1088 2767 1128 2779 ·-
1143 2746 1181 2794 38
1195 2740 1243 2823 neq

105 2825 158 2864 om.
175 2807 198 2862 L
215 2807 251 2863 N.
271 2834 308 2846 -
328 2806 390 2858 iude
408 2824 467 2857 eam
488 2805 593 2876 affiras
613 2807 695 2862 Ι..-
709 2811 747 2859 39
768 2807 838 2879 req.)
853 2807 969 2927 (punierit
989 2808 1028 2874 L3
1052 2809 1197 2864 ablutione
1213 2810 1243 2866 ὃ

105 2879 180 2950 diget
198 2880 233 2934 N.
246 2902 285 2949 3-
308 2895 341 2927 ex
359 2895 430 2945 carp.
447 2877 479 2931 L.
494 2905 532 2917 ·-
550 2880 587 2931 40
615 2877 723 2930 etiamsi
740 2896 835 2947 corpus
872 2895 913 2948 cp.
937 2879 964 2932 N
990 2883 1112 2936 collocat
1129 2891 1190 2954 post
1210 2898 1244 2937 m

106 2968 177 3002 cesse
195 2958 246 3001 est.
262 2951 354 3002 *42
381 2949 470 3021 Virg.)
504 2950 553 3002 Ae.
572 2953 599 3015 6,
616 2953 732 3002 746-
752 2952 787 3003 43
806 2948 878 3020 quod
895 2947 981 3016 aliae)
1001 2968 1054 3006 om.
1078 2954 1120 3020 L;
1150 2975 1180 3028 q.
1197 2946 1244 3007 ed

101 3040 164 3073 mae
182 3021 254 3073 aliae
269 3020 306 3076 N.
323 3047 360 3060 -
375 3021 508 3091 quaedam
523 3018 639 3073 solarem
655 3022 690 3075 N.
704 3047 741 3081 ·.··
758 3040 785 3090 p.
798 3024 889 3086 181,1
911 3023 1106 3093 purgationis)
1125 3022 1245 3096 perfecti

105 3093 164 3145 onis
181 3095 223 3149 Μ.
240 3095 313 3143 -2
338 3090 499 3143 circumdari
519 3093 554 3149 N.
568 3119 606 3130 ·-
623 3096 640 3144 3
658 3091 757 3162 Iegim.)
775 3109 818 3160 ep.
835 3094 911 3158 Virg.
930 3093 964 3145 Δ.
980 3099 1015 3160 0,
1026 3099 1094 3151 340.
1110 3123 1149 3137 -
1167 3102 1186 3152 4
1209 3092 1245 3159 ἄ

1 3172 4 3179 ’
105 3165 188 3216 etiam
212 3182 247 3215 m.
270 3163 304 3216 N.
326 3168 399 3215 -5
427 3163 458 3213 de
481 3161 549 3220 Did.
571 3167 678 3229 6,453.
693 3189 732 3202 ·-
767 3162 904 3230 Occurrit)
930 3179 982 3216 om.
1002 3165 1080 3220 LN.
1100 3197 1139 3208 —
1161 3174 1179 3223 6
1212 3162 1246 3233 Μ

104 3253 167 3307 ergo
188 3235 223 3288 N.
240 3261 277 3271 —
297 3237 316 3286 1
337 3232 534 3305 pallingenosia
555 3232 588 3286 L.
610 3261 646 3272 --
680 3234 837 3288 “Famosum
858 3245 973 3289 errorem
993 3240 1209 3308 metempsychos

44 3314 53 3323 ‘
105 3309 164 3374 quis
184 3308 302 3374 ignorat,
322 3307 364 3357 vel
385 3306 443 3372 quis
466 3306 523 3374 jum
545 3302 653 3381 ipfutari
677 3304 836 3376 postulct‘i”
871 3306 976 3359 Mirus.
1001 3336 1041 3349 -
1065 3315 1087 3362 8
1109 3238 1247 3439 incutit}

106 3378 176 3432 basis
194 3378 221 3431 Ν
227 3397 236 3443 3
254 3376 474 3439 ssinextensiobolis
504 3378 536 3433 L.
561 3405 598 3416 -·
620 3382 656 3430 10
686 3376 775 3446 amb.)
796 3372 913 3428 eutium
939 3378 979 3433 M.
998 3406 1037 3418 -
1063 3385 1103 3434 12
1126 3383 1198 3454 futu

81 3450 143 3505 ,sit
165 3447 322 3500 desideriam
344 3447 464 3501 habeant
482 3447 512 3500 in
538 3465 650 3518 corpora
679 3445 806 3500 redeundi
834 3447 874 3513 L3
894 3442 994 3520 futuri
1013 3469 1038 3503 s.
1064 3452 1201 3524 ignarae,
1222 3442 1247 3511 Ι

106 3518 266 3573 desiderium
288 3517 407 3572 habeant
436 3519 623 3591 incorporandi
649 3519 685 3574 N.
705 3547 742 3559 -
768 3523 803 3573 13
831 3519 980 3588 accepimus
1008 3539 1070 3592 sap.
1102 3524 1132 3578 N
1136 3545 1146 3592 ς
1169 3516 1246 3597 acte}

104 3592 233 3644 scientiae
254 3591 287 3645 L.
304 3617 342 3631 -
368 3595 403 3645 14
427 3591 511 3660 desc.)
534 3591 639 3643 decessu
659 3590 681 3643 L
701 3590 794 3659 N.*-··¹
816 3594 851 3643 15
871 3586 974 3656 tamen)
994 3604 1089 3645 autem
1108 3596 1137 3649 Ν
1142 3616 1152 3663 ;
1174 3598 1220 3651 eti·

104 3663 138 3717 L.
157 3693 195 3706 -
217 3661 360 3714 secundum
399 3663 486 3730 uasti.)
507 3680 560 3717 om.
588 3663 611 3716 L
631 3662 666 3715 N.
691 3665 782 3714 -16
802 3660 1004 3728 *anitiensisrid
1026 3668 1164 3736 quasdam
1184 3671 1216 3724 td

105 3735 145 3787 M.
164 3762 202 3776 -·
221 3740 255 3788 11
269 3733 343 3806 fate)
363 3684 442 3804 strati
463 3735 486 3788 L
507 3737 542 3793 N.
560 3763 596 3773 -
617 3737 653 3786 16
676 3731 817 3803 apothesim
845 3733 883 3799 L;
909 3733 1045 3804 apetitum
1064 3755 1147 3792 suum
1167 3743 1201 3797 N.
1215 3766 1246 3783 ι-

50 3816 63 3833 ²
105 3815 212 3861 aeterne
229 3805 270 3858 M.
287 3833 325 3845 -
346 3811 381 3859 19
400 3805 446 3858 ad.
467 3824 490 3863 s.
507 3823 578 3858 cons.
599 3804 634 3858 N.
667 3824 672 3833 ¹
1241 3804 1245 3827 ¹

191 3901 243 3968 13.
283 3920 407 3991 superius
431 3922 466 3980 N.
484 3951 520 3962 -
542 3925 578 3974 21
604 3920 699 3993 genita
716 3922 763 3988 M3
789 3941 827 3975 em
851 3920 934 3975 etiam
953 3935 1090 3996 generata
1112 3927 1145 3983 L.
1163 3956 1196 3973 -
1214 3930 1246 3983 fl

87 3989 162 4051 ¹inre.
183 3989 238 4041 eid.
259 3991 378 4045 PlauL
403 3993 439 4047 N.
468 4020 505 4031 -
534 3997 694 4045 Generatam
719 4011 778 4046 eam
806 4013 863 4046 esse
889 3994 924 4052 Ν.
944 4022 980 4038 ·-
1000 4001 1037 4048 23
1070 3999 1142 4053 tim.
1168 3999 1246 4073 refoti

105 4061 132 4116 N
139 4079 148 4126 ς
170 4059 263 4110 thimei
283 4062 316 4116 L.
334 4091 370 4102 —
393 4062 438 4114 ubi
461 4063 527 4114 dicit
550 4065 572 4117 L
595 4065 631 4123 N.
649 4091 686 4104 —
704 4069 741 4117 25
774 4066 929 4134 sementem)
954 4066 1085 4121 scientem
1116 4072 1156 4138 L3
1182 4062 1245 4124 eieci

107 4141 165 4193 tem¹
183 4131 218 4202 N.
239 4157 276 4175 -ψ
296 4134 429 4202 phedrone
452 4134 484 4189 L.
504 4164 540 4180 -ι
560 4136 596 4189 21
621 4136 807 4206 ingeneratum
820 4138 853 4190 Ἰ.
879 4139 915 4191 Ν.
939 4163 975 4178 ·-
999 4139 1060 4192 ideo
1088 4142 1162 4198 dixit
1183 4136 1244 4215 quoi

102 4203 128 4255 L
150 4204 186 4261 Ν.
207 4228 246 4246 ·-
272 4207 347 4270 eam)
367 4220 419 4269 om.
440 4206 463 4258 L
484 4206 519 4259 N.
539 4235 575 4251 -ι
595 4211 631 4259 26
653 4224 716 4276 gen.
745 4225 797 4262 rer.
823 4207 858 4265 N.
880 4235 919 4250 -·-
949 4211 994 4272 ut)
1023 4212 1083 4265 nisi
1105 4215 1137 4270 Ι..
1160 4242 1195 4257 -
1210 4214 1241 4267 D

73 4285 158 4333 eet.
178 4275 226 4332 rel
241 4285 302 4330 nat.
328 4277 350 4334 L
368 4277 404 4336 N.
427 4307 463 4320 -
484 4282 522 4334 30
543 4277 608 4334 diss.
640 4287 697 4332 act.
712 4278 750 4331 i..
773 4304 809 4345 ··.·
831 4283 872 4330 31
905 4280 987 4358 occo)
1008 4285 1119 4340 om.‘L.
1141 4315 1177 4328 -
1193 4285 1245 4365 etim¹
