2684 4606
101 178 181 259 17¹}
379 180 562 293 Mythogr.
590 186 662 264 Ill.
715 187 756 263 11.
799 188 944 263 5-4.

100 373 195 441 etiam
225 336 315 442 actus
345 370 523 453 hominum,
557 386 596 442 ut·
615 372 771 443 luxuriam
798 388 833 445 et
862 398 1008 443 venerem
1036 376 1120 445 inter
1150 376 1230 445 deos

100 472 314 526 venerantes‘
347 460 404 527 stc
440 481 568 547 quoque
602 460 765 548 religionis
804 463 986 551 superstitio
1022 475 1134 531 exortu
1171 477 1230 531 est.

100 546 177 610 Hoc
203 557 309 611 autem
337 544 385 611 vel
414 546 456 612 ab
483 542 631 624 aniculis,
667 546 748 614 ultra
777 547 1039 616 consuetudinem
1071 548 1230 616 humanae

102 631 184 697 vitae
196 630 426 718 superstitibus,
439 642 522 698 teste
534 630 655 711 Servio,
675 634 861 699 vocabulum
876 644 1014 701 sumtum
1026 643 1085 701 est
1106 635 1229 701 Elarum

76 715 186 781 terrim
213 716 280 805 jam
315 714 549 805 decrepitaruur
578 726 612 783 et
644 739 702 804 per
732 719 857 785 nimiam
889 732 1025 788 aetatem
1057 717 1227 787 delirorum

138 801 147 819 ‘
181 822 216 866 ss
246 800 289 865 de
317 799 496 886 hujusmodi
522 800 699 870 numinibus
719 802 912 872 inventiones
936 806 1034 871 fuisse
1058 804 1227 872 credimus.

130 885 158 950 el
187 885 363 953 secundum
395 886 581 954 Lucretium
618 908 638 951 a
670 890 767 956 rebus
799 891 1069 978 superstantibus,
1108 890 1143 957 ld
1179 906 1227 958 est

99 971 287 1039 caelestibus
317 983 349 1039 et
378 969 506 1053 diuinis,
541 993 674 1059 querum
704 997 809 1043 rerum
829 976 929 1042 inanis
950 976 1094 1044 timeret
1115 999 1226 1064 super-

83 1058 202 1136 .,lluus,
228 1081 265 1123 su
290 1056 410 1126 'erstitio
431 1056 614 1147 appellatur.
1026 1124 1028 1131 .

56 1156 93 1204 10
181 1141 213 1206 3.
291 1143 373 1214 efert
400 1143 495 1209 etiam
525 1142 665 1221 Tullius,
697 1140 783 1230 quod
812 1143 952 1231 suscepit
977 1143 1040 1210 vita
1063 1142 1225 1221 hominum

97 1225 362 1315 consuetudoque
388 1227 581 1309 communis,
611 1240 647 1294 ut
677 1228 837 1295 beneficiis
867 1228 1056 1296 excellentes
1086 1228 1169 1296 viros
1194 1229 1224 1293 in

80 1312 218 1379 'caelum
241 1312 324 1380 lama
344 1336 384 1381 ao
404 1312 565 1380 toluntate
584 1312 738 1381 tollerent.
779 1315 883 1393 Hinc,
913 1315 1030 1401 inquit,
1054 1312 1222 1389 Hercules,

96 1398 171 1464 hinc
191 1398 310 1466 Castor
328 1410 363 1467 et
383 1398 517 1477 Pollux,
537 1399 611 1467 binc
624 1399 829 1487 Aesculapius
846 1400 1079 1468 dedicationem
1101 1422 1223 1465 meroe

96 1494 179 1549 runt.
218 1485 340 1553 Postea
365 1495 472 1552 tamen
499 1483 586 1574 apud
615 1484 820 1552 Athenienses
849 1495 882 1552 et
901 1485 1066 1552 Romanos
1095 1496 1222 1551 cautum

54 1570 155 1648 tuest,
176 1591 217 1636 ne
240 1571 310 1658 quis
330 1592 427 1639 noras
447 1568 666 1638 introduceret
684 1570 863 1657 religiones.
901 1570 996 1636 Unde
1017 1582 1051 1636 et
1071 1571 1223 1638 Socrates

94 1652 262 1721 demnatus
296 1665 363 1737 est,
406 1666 445 1722 et
471 1654 588 1721 Judsel
625 1653 674 1720 rel
707 1654 861 1722 Chaldaei
893 1658 935 1722 ab
972 1657 1053 1723 urbe
1091 1654 1222 1747 depulsi.

75 1740 181 1807 ·Hinc
201 1740 351 1827 Virgilius
372 1739 538 1828 eleganter
555 1741 587 1805 in
608 1738 705 1805 VllI:
849 1754 853 1759 “

103 1834 115 1841 ”
525 1824 608 1891 Non
645 1822 728 1888 lrae'c
764 1823 949 1892 sollemnia
983 1821 1081 1889 nobis

182 1910 223 1977 V
218 1934 288 1975 oca
311 1910 516 1997 superstitio
534 1918 731 1976 veterumve
751 1908 883 1995 ignara
903 1909 1045 1975 deorum

50 2012 89 2062 20
178 1995 361 2081 Imposuit.
1143 2026 1149 2036 ·

92 2080 168 2145 Duo
191 2102 329 2168 namque
350 2076 442 2144 dicit:
472 2074 682 2165 nequeenim
705 2074 751 2142 vel
774 2072 866 2157 ideo,
894 2077 948 2157 ait,
971 2076 1148 2147 Herculem
1165 2102 1219 2147 co-

90 2164 200 2245 limus,
221 2166 295 2253 quis
316 2184 443 2230 omnem
461 2161 647 2248 religionem
669 2183 776 2227 veram
821 2174 956 2245 numus,
977 2161 1025 2227 rel
1046 2165 1123 2251 quia
1142 2165 1219 2233 deos

90 2249 276 2337 ignoramus
298 2251 454 2338 antiquos.
495 2245 593 2323 Quod
608 2246 773 2336 Nymphas
826 2260 944 2336 eptuno
967 2246 1126 2333 dedicant,
1151 2252 1218 2339 ipsa

90 2335 223 2403 nominis
241 2335 377 2426 etymolo
402 2334 433 2400 ia
447 2350 553 2400 cansa
568 2344 628 2400 est
661 2332 830 2423 Nymphae
845 2334 926 2399 enim
965 2333 1031 2399 ussi
1047 2335 1219 2423 lymphae,

46 2419 125 2493 aoid
154 2433 204 2489 est
231 2444 342 2510 oquae
369 2358 475 2487 Notae
496 2430 578 2488 sunt
619 2416 841 2523 Nympharum
863 2441 937 2485 vero
981 2439 1042 2484 anc
1064 2418 1120 2487 dat
1142 2422 1217 2487 Ser-

90 2507 157 2573 vius
178 2506 397 2573 differentiam.
439 2503 598 2594 stades,
629 2504 748 2591 inqurt,
779 2502 861 2570 deae
890 2503 1039 2571 dicuntur
1069 2505 1217 2587 fontium3

88 2600 155 2658 nais
178 2592 261 2657 enim
279 2605 377 2679 'aqua
397 2588 530 2671 dicitur3
557 2588 704 2657 Oreades
724 2590 895 2671 montium;
921 2587 998 2676 ὅρος
1018 2589 1102 2657 enim
1123 2614 1217 2655 motas

85 2679 330 2765 interpretatum
349 2675 500 2767 Dryades
524 2674 669 2742 silvarum
691 2674 790 2755 deae3
814 2676 893 2762 δρῦς
915 2695 1052 2762 nomque
1072 2698 1216 2765 quercus

82 2762 189 2830 ‘'sonat.
230 2761 327 2829 Unde
349 2774 383 2831 et
400 2759 628 2851 Amadryades,
648 2759 681 2830 id
703 2772 754 2827 est
772 2770 930 2823 anscntes
951 2780 1116 2847 quercus,
1135 2780 1216 2849 quae

43 2847 250 2927 aovidettcet,
279 2857 317 2915 ut
344 2848 389 2914 ait
409 2846 611 2925 Aristoteles,
633 2868 706 2913 cum
722 2845 889 2911 arboribus
912 2855 1085 2911 nascuntur
1106 2858 1141 2912 et
1160 2866 1215 2935 pe-

84 2946 192 3002 reunt·
229 2934 328 2999 Maris
349 2954 425 3001 vero
459 2932 541 2999 deae
575 2930 731 2999 Nereides
749 2950 783 2997 ·a
815 2929 943 3008 Nereo,
982 2928 1045 2995 deo
1080 2932 1213 3009 marino,

67 3018 201 3087 dietae.
244 3018 355 3087 Ventis
375 3040 504 3107 quoque
525 3017 694 3105 Neptunus
717 3037 867 3105 praeesse
888 3012 1020 3096 dicitur,
1049 3014 1139 3106 quod
1165 3038 1214 3083 se

84 3105 225 3172 cundum
273 3104 399 3194 hysicos
421 3115 511 3171 motu
531 3124 634 3191 aquae
655 3114 767 3169 ventus
789 3112 925 3167 creatur.

78 3195 82 3204 '
169 3192 231 3257 4.·
280 3192 393 3257 abetur
407 3188 439 3254 in
455 3187 580 3269 fabula,
602 3186 689 3277 quod
711 3208 808 3276 quum
827 3185 997 3272 Neptunus
1018 3194 1053 3253 et
1071 3184 1213 3252 Minerva
1259 3248 1261 3261 ,

43 3272 127 3342 :tide
155 3276 349 3343 Athenarum
375 3275 502 3341 nomine
532 3272 780 3354 contenderent,
818 3269 938 3358 placuit
968 3268 1046 3349 diis,
1083 3283 1121 3340 ut
1136 3270 1213 3361 ejus

84 3363 212 3429 nurnine
233 3361 340 3428 civitas
363 3359 541 3441 diceretur,
571 3360 624 3447 qui
649 3358 760 3425 melius
781 3378 895 3424 munus
916 3354 1101 3424 mortalibus
1121 3357 1212 3423 obtu-

83 3447 171 3516 lisset
223 3447 319 3513 Tunc
339 3444 507 3532 Neptunus
529 3467 683 3532 percusso
707 3443 798 3511 litore
826 3464 959 3592 epuum,
991 3441 1107 3507 animal
1134 3440 1212 3507 bdlo

84 3547 212 3621 aptum,
235 3530 403 3619 produxit3
435 3532 577 3599 Minerva
604 3531 688 3617 jacta
717 3529 809 3595 hasta
829 3550 941 3615 orsam
963 3525 1102 3609 creavit3
1132 3548 1214 3618 quae

71 3640 136 3699 res
164 3618 274 3685 melior
303 3617 509 3703 comprobata
535 3626 601 3690 est,
638 3628 674 3682 ut
700 3614 788 3702 pacis
813 3612 958 3703 insigne.
1010 3612 1123 3687 Quare
1153 3610 1213 3695 deu

43 3716 178 3769 ausuum
207 3726 324 3769 nomen
353 3701 425 3766 urbi
452 3700 558 3783 dedit3
590 3697 730 3789 Ἀθηνᾶ
762 3698 845 3765 enim
864 3712 908 3783 ¹et
927 3697 1072 3763 Minerva
1099 3695 1213 3763 eadem

84 3797 151 3866 cst,
173 3798 206 3854 et
226 3802 398 3875 utrumque
419 3783 803 3853 nomenimmortalitcs
818 3785 1059 3869 interpretatur.¹
1085 3783 1212 3871 Equum

83 3883 192 3937 autem
214 3894 234 3937 a
255 3874 406 3961 Neptuno
427 3860 630 3960 progehitum
657 3868 708 3937 alii
728 3868 924 3949 Scinthium,
956 3867 1006 3933 alii
1028 3864 1212 3947 Chironem,

83 3954 134 4022 alii
161 3956 308 4024 Arionem
336 3956 452 4026 volunt.
506 3958 588 4025 Sunt
621 3977 702 4043 ergo
733 3954 892 4034 Athenae,
929 3964 967 4020 ut
994 3974 1060 4039 ego
1092 3954 1211 4042 accepi,

82 4062 185 4129 prope
213 4041 285 4109 litus
315 4043 410 4110 maris
437 4042 527 4109 sitae
572 4040 668 4109 Unde
697 4051 730 4107 et
763 4040 856 4128 regio
886 4037 1035 4127 adjacens
1056 4041 1099 4107 ab
1120 4032 1211 4123 desi,

42 4125 170 4215 -rtquod
192 4126 529 4217 litusinterpretstur,
549 4130 639 4195 Acte
665 4124 714 4191 vel
735 4125 879 4201 Attico,
909 4124 1210 4211 ipsiqueAthenieu-

84 4234 135 4279 scs
158 4212 276 4277 Attici
298 4225 530 4303 nuncupantur.
575 4214 658 4282 Esse
679 4220 787 4280 sutem
808 4221 842 4277 et
871 4222 989 4277 terrum
1016 4208 1100 4279 illam
1129 4207 1211 4277 ollris

150 4461 213 4500 Α·
