2684 4606
136 173 220 265 ldd
419 187 604 290 Mytltogr.
631 189 703 261 111.
759 186 797 263 l.
850 187 995 291 d-R.
1075 122 1078 127 Ι

136 370 216 439 nlius
243 391 302 459 per
330 366 562 451 duodennium,
591 381 628 438 ut
651 370 817 459 Juppiter,
852 371 988 441 circulos
1015 394 1092 440 suos
1109 382 1272 462 ,pertran-

31 480 34 485 ·
136 466 244 537 scant,
273 457 430 525 Saturnus
450 455 547 523 XXX
568 478 669 523 annos
688 457 720 523 iu
743 456 852 525 circuli
875 459 924 526 sui
946 458 1175 549 peragratione
1196 482 1273 525 con-

138 543 242 609 sumit.
553 588 558 601 ,
668 556 671 561 '

170 676 175 683 -
222 630 253 693 4.
281 627 400 694 Senem
420 647 495 692 eom
515 623 710 714 depingunt,
732 628 808 716 quio
828 627 912 697 sicut
932 651 1031 695 senex
1051 636 1102 695 est
1123 650 1144 695 a
1166 626 1273 695 calore

114 712 308 801 sjuventutis
329 711 498 781 destitutus
520 722 554 778 et
575 711 749 799 frigiditate
778 714 902 782 laborat
932 714 1100 804 (minuitur
1130 714 1215 779 enim
1241 714 1274 779 in

137 798 174 865 iis
193 799 344 885 sanguis,
366 797 453 866 uode
474 807 507 886 et
525 796 703 885 tremunt);
724 800 768 866 ita
790 811 824 867 et
843 800 937 889 hujus
957 801 1045 868 stella
1068 798 1274 886 liigidissima

138 884 342 951 existimatur.
383 884 457 951 Neo
477 881 609 964 naisum,
644 906 742 973 quum
762 909 782 950 a
804 886 891 966 sole,
919 908 939 953 a
967 909 1032 974 quo
1061 885 1164 952 omnis
1186 885 1274 951 color

64 990 66 995 ·
138 968 304 1057 procedit,
341 968 383 1036 sit
407 969 635 1051 remotissimo,
672 992 771 1058 quum
796 973 839 1039 sit
868 973 959 1061 aquis
986 970 1274 1061 supercaelestibus

139 1056 258 1134 vicina,
288 1066 322 1122 et
341 1077 441 1157 quum
460 1055 493 1120 in
520 1055 874 1141 signisremotissimis,
904 1080 989 1159 quae
1009 1082 1028 1126 a
1047 1056 1201 1145 temporis
1224 1058 1274 1125 sui

97 1140 406 1228 toallectufrigtda
435 1156 621 1220 censentur,
662 1142 794 1230 aquario
833 1142 978 1211 ridelrcet
1010 1154 1043 1211 et
1070 1145 1274 1230 capricorno,

139 1226 296 1293 domicilia
324 1250 382 1293 sua
411 1224 546 1310 lrabeat3
574 1227 605 1292 in
633 1229 764 1315 quibus,
805 1230 927 1295 etiamsi
957 1252 1030 1297 oum
1059 1228 1128 1294 sole
1148 1229 1274 1319 positus

139 1312 252 1393 fuerit,
296 1312 515 1400 gravissimam
539 1310 653 1380 lamen
684 1315 775 1381 uobis
811 1315 939 1402 frigoris
977 1312 1144 1382 uredinem
1175 1329 1274 1381 creat
1307 1372 1310 1377 .

141 1400 226 1466 Sunt
251 1410 358 1467 tamen
389 1399 443 1486 qui
464 1410 627 1477 asserant,
656 1423 730 1466 eum
762 1422 824 1465 non
847 1424 884 1465 ex
905 1423 967 1467 sua·
984 1400 1116 1479 umbra,
1150 1400 1209 1465 sed
1232 1402 1273 1466 ab

110 1505 116 1530 ¹
140 1485 259 1552 ellectu
282 1482 434 1571 frigidum
453 1485 649 1573 nuncupari,
702 1485 765 1551 uod
788 1509 846 1552 sua
866 1486 1012 1553 videlicet
1033 1484 1273 1553 constellatione

97 1586 132 1635 to
141 1570 301 1638 contraria
320 1570 463 1637 homines
483 1582 607 1639 enecet.
695 1572 777 1639 ortui
805 1594 879 1637 vero
910 1572 1019 1660 frigidi
1050 1581 1132 1638 sunt.
1176 1570 1273 1646 Quod

138 1657 299 1724 sinerum
318 1668 383 1735 est,
422 1677 485 1721 non
514 1655 688 1744 improprie
717 1680 816 1725 senex
842 1658 991 1745 fingitur,
1029 1678 1131 1749 ¹quum
1154 1680 1273 1737 senum

72 1800 78 1809 .
137 1742 196 1822 sit,
229 1743 324 1809 morti
345 1764 472 1828 semper
492 1763 563 1807 esse
584 1743 710 1809 ricinos.
754 1742 907 1830 Frigidus
936 1756 1091 1811 tamena
1118 1742 1273 1809 nonnullis

139 1851 179 1892 eo
199 1839 342 1908 tantum,
367 1826 456 1914 quod
477 1847 597 1893 nocens
616 1828 671 1903 sit,
704 1825 808 1896 dictus
830 1842 888 1896 est.
931 1827 1027 1906 Quod
1059 1838 1168 1895 autem
1191 1826 1269 1913 sri-

134 1913 245 1999 gidus
263 1935 323 2000 pro
345 1934 468 1979 nocens
488 1924 644 2013 ponatur,
666 1912 766 1981 innuit
786 1914 923 1982 Servius.
954 1916 992 1982 In
1006 1913 1139 2001 Virgilio
1163 1935 1270 1980 exem·

97 2015 134 2063 20
142 1998 226 2085 plum
246 1999 365 2079 habes,
393 1997 448 2062 ubi
469 2008 528 2063 att:
691 2062 694 2073 ,
1312 2060 1315 2071 ,

203 2083 395 2170 Frigidus,
414 2105 433 2145 ο
452 2080 557 2168 pueri
571 2078 699 2169 fugite
716 2082 821 2147 ltine!
847 2084 936 2149 latet
956 2084 1089 2172 anguis
1104 2080 1272 2148 imfterba.
1312 2112 1315 2127 ·

139 2169 248 2235 Senex
269 2168 342 2234 deni
365 2189 407 2233 ue
430 2169 474 2232 ob
494 2166 559 2232 hoc
579 2188 707 2255 quoqne
729 2190 791 2234 uon
812 2170 991 2272 incongrue
1012 2169 1116 2235 dictus
1136 2168 1271 2249 ridetur,

138 2253 226 2407 :puod
245 2254 328 2322 sicot
343 2191 522 2356 frigiditate
543 2262 578 2319 et
596 2252 730 2355 penore
750 2254 965 2357 phlegmatrco
985 2278 1025 2322 ex
1042 2266 1158 2356 natura
1173 2256 1271 2357 abun-

163 2351 217 2407 ant
246 2363 358 2423 senes,
398 2349 444 2406 tta
475 2349 555 2406 eta
587 2361 703 2425 srgnrs,
748 2362 935 2428 capuccrno
958 2353 992 2411 et
1013 2359 1165 2429 aquario,
1204 2362 1271 2430 qur-

96 2429 199 2492 aabus
220 2436 348 2513 praeest
366 2426 541 2503 Saturnus,
573 2424 676 2512 frigus
698 2426 788 2491 nobis
815 2438 848 2493 et
867 2426 1015 2514 pluvias,
1045 2426 1209 2494 mensibus
1229 2426 1270 2492 ri-

34 2516 47 2561 .·
140 2512 257 2580 delicet
276 2512 429 2580 Januario
450 2523 483 2579 et
502 2510 699 2592 Februario,
730 2511 895 2599 provenire
917 2512 1068 2581 sentimus
1091 2513 1181 2579 annis
1211 2508 1272 2578 sin·

140 2598 235 2687 gulis.
289 2598 470 2685 Propterea
495 2619 631 2747 guoque
670 2595 807 2665 eundem
843 2620 957 2665 canum
988 2598 1142 2687 pingunt,
1185 2595 1271 2687 quod
1313 2634 1315 2651 ι

164 2684 269 2749 ruinas
291 2697 324 2751 et
345 2685 430 2750 nives
452 2682 493 2749 ibi
518 2706 568 2749 em
590 2704 703 2749 creare
721 2704 785 2747 non
806 2680 977 2751 dubitetur.
1020 2684 1130 2771 Caput
1150 2693 1271 2751 tectum

140 2709 255 2842 labet,
276 2783 313 2837 ut
334 2780 495 2857 tamquam
518 2790 616 2835 senex
637 2779 671 2835 et
690 2767 812 2855 frigens
831 2781 944 2837 contra
965 2769 1068 2857 frigus
1089 2792 1127 2836 se
1148 2768 1271 2835 munire

97 2867 174 2925 acet
196 2876 254 2919 nos
277 2854 386 2923 itidem
408 2854 580 2919 admonere
600 2863 737 2941 putetur.
780 2853 905 2921 Glauco
926 2856 1045 2922 amictu
1065 2853 1161 2936 ideo,
1182 2852 1269 2945 quod
1306 2890 1309 2897 ·

140 2964 281 3030 aquosae
305 2940 352 3007 rel
371 2938 510 3025 frigidae
532 2950 580 3007 est
599 2949 731 3006 naturae
750 2939 838 3008 stella
859 2941 937 3029 ejus.

225 3029 259 3094 5.
299 3027 346 3093 Ut
365 3038 471 3092 autem
496 3023 538 3089 ad
560 3025 693 3091 aliorum
715 3035 913 3092 transeamus
935 3023 1179 3104 enodationem,
1213 3022 1272 3089 Sa·
1302 3078 1315 3105 ..‚

139 3129 269 3181 tornum
296 3112 391 3178 etiam
412 3109 589 3200 philosophi
616 3111 777 3197 infigura
803 3112 954 3202 temporis
975 3110 1157 3198 accipiunt3
1187 3105 1272 3175 unda

141 3215 173 3265 et
195 3202 323 3265 Graece
346 3218 419 3263 eum
441 3190 595 3281 Κρόνον,
622 3195 656 3262 id
677 3208 727 3263 est
747 3208 898 3284 tempus,
927 3195 1093 3286 appellent.
1136 3195 1226 3261 Hinc
1239 3204 1272 3261 et
1312 3268 1315 3281 Ι

97 3284 279 3352 annonnulli
303 3294 401 3370 caput
431 3281 500 3370 ejus
523 3282 565 3348 ob
586 3285 650 3353 hoo
675 3294 795 3351 tectum
817 3297 981 3363 asserunt,
1014 3280 1101 3370 quod
1125 3280 1288 3369 ignotum

139 3372 179 3439 sit
201 3371 352 3457 temporis
374 3366 571 3455 principium.
611 3366 734 3435 Ideoa
763 3367 826 3435 lilio
848 3369 975 3457 pulsum
1002 3392 1090 3449 esse,
1125 3367 1202 3469 quia
1221 3388 1272 3433 sc-

100 3494 103 3505 ·
139 3482 239 3545 quens
257 3468 399 3542 tempus,
434 3451 522 3540 q'uod
542 3451 777 3542 quodammodo
800 3477 839 3520 ex
870 3454 1086 3545 praecedente
1114 3451 1269 3543 gignitur,
1307 3502 1313 3519 .

78 3538 90 3570 ’
139 3541 345 3610 succedendo
365 3539 572 3628 praeteritum
593 3539 695 3629 pellat.
739 3538 808 3607 sed
836 3551 869 3607 et
897 3540 968 3606 Tex
993 3564 1012 3608 a
1034 3540 1173 3605 Graecis
1194 3535 1270 3603 dici-

139 3642 209 3708 tur,
244 3629 318 3716 quia
339 3623 426 3713 apud
446 3646 502 3692 eos
523 3620 551 3696 τ’
574 3635 734 3707 trecenta,
755 3628 772 3695 ε’
793 3625 941 3727 quinque,
962 3622 987 3706 ξ’
1007 3624 1071 3692 LX
1093 3624 1270 3713 significan

98 3727 174 3781 toet
196 3715 266 3795 hic,
298 3723 334 3780 ut
355 3712 491 3800 probant
512 3712 741 3800 computistae,
778 3711 901 3779 dierum
923 3713 1019 3781 totius
1041 3710 1115 3776 anni
1143 3721 1193 3777 est
1214 3729 1274 3787 nus

140 3823 257 3867 merus.
298 3800 372 3866 'Pex
395 3797 491 3865 etiam
510 3796 686 3861 connectens
713 3797 779 3863 sive
806 3821 1008 3863 eorrsumeos
1028 3797 1271 3885 interpretatur;

139 3883 281 3952 undeet
310 3885 391 3952 filios
418 3905 495 3952 suos
528 3881 644 3965 dicitur
668 3881 847 3949 devorasse
903 3882 1000 3956 Quod
1025 3874 1103 3948 ideo
1129 3880 1271 3967 fingitur,
1303 3880 1306 3887 '

140 3971 215 4055 quia
236 3982 377 4056 tempus,
406 3990 627 4059 quaecumque
648 3967 771 4055 gignit,
802 3967 912 4055 genita
934 3969 1102 4037 consumit
1155 3964 1271 4035 Omnia

140 4078 278 4141 namque
301 4067 372 4124 orta
394 4053 562 4134 occidunt,
592 4040 740 4121 etl—aucta
758 4068 937 4123 senescunt.

100 4160 135 4208 ts
224 4144 256 4207 6.
298 4140 430 4211 Foloern
453 4141 531 4221 fert,
568 4140 634 4207 sive
655 4137 743 4230 quod
765 4138 907 4219 fructus,
944 4162 1026 4229 quos
1048 4154 1176 4231 tempus
1194 4159 1271 4245 pro·
1302 4202 1305 4207 .

141 4224 246 4308 ducit,
275 4225 359 4295 sales
378 4237 555 4309 metuntur,
582 4227 647 4295 sive
667 4222 773 4317 qnod,
802 4235 837 4311 ut
857 4246 955 4317 supra
975 4225 1131 4311 diximus,
1155 4244 1273 4319 prtinus

133 4440 177 4479 f·
