2684 4606
46 208 55 291 3
158 165 243 245 aaa
424 142 607 271 natan.
641 165 712 238 ru.
768 163 845 239 rs..
887 100 1036 285 a-ja

246 350 355 417 Nono
375 350 441 427 dec
462 347 618 437 linigero
648 349 776 419 colitur
796 348 1019 422 celeberrime
1044 350 1168 421 turba.

128 448 136 467 ²
162 440 208 508 Et
228 436 308 503 libro
331 436 374 504 de
394 434 501 503 Fastis
532 435 592 502 ait:
887 496 891 506 .

253 521 293 589 V
289 544 373 588 acon
394 523 441 585 sit
463 542 509 583 nn
533 531 670 602 tauros,
683 536 833 588 nonem
850 546 1053 613 cognoscere
1073 532 1287 611 promptum,

165 607 241 698 quia
260 607 347 696 prior
370 626 443 693 pars
464 603 605 685 videtur,
636 609 793 692 posterior
814 633 888 675 voro
912 624 974 676 non
995 610 1135 679 videtur.
1179 610 1287 674 Secum

144 697 249 764 edum
268 692 429 780 physicam
452 689 499 756 soi
522 689 638 765 dicitur
660 715 732 757 esse
751 692 782 756 in
804 694 928 776 Tauro,
953 696 1130 784 quia'tunc
1149 694 1300 783 incipiunt:

32 822 35 831 ·
71 842 74 851 ,
162 781 291 846 labores
318 778 420 854 tamir
458 775 505 842 vel
534 776 608 863 quia
629 777 711 844 sieut
745 787 854 848 taurus
875 803 944 869 per
956 803 1082 850 cornua
1105 780 1223 849 fortior
1242 790 1289 858 est,

163 867 208 934 ita
230 863 276 931 soi
298 875 375 932 tuno
395 860 504 949 incipit
524 884 595 928 esse
616 862 796 931 ferventior,
898 914 901 921 .
1157 877 1181 927 Ἰ

249 950 283 1015 3.
324 949 473 1037 Juppiter
502 949 675 1014 concubuit
712 971 784 1015 cum
806 948 901 1017 Leda
922 951 954 1015 in
975 946 1229 1038 specie2cygni,
1260 970 1290 1013 en

165 1058 229 1123 qua
251 1036 363 1120 genuit
382 1038 446 1099 duo
468 1054 546 1112 ova;
582 1044 672 1100 etex
702 1057 766 1099 uno
788 1046 882 1103 natae
916 1040 990 1101 sunt
1019 1035 1150 1100 Helena
1173 1047 1209 1125 et
1228 1032 1290 1122 cry-

89 1172 96 1185 .,
124 1130 355 1197 lotemnestra,
376 1142 415 1185 ex
437 1115 496 1183 alio
518 1118 582 1183 nati
602 1131 675 1184 sunt
698 1117 809 1184 Pollux
831 1132 864 1187 et
883 1121 1023 1207 Castor,
1045 1120 1100 1209 qui
1122 1118 1291 1208 peritissimi

124 1288 127 1293 ⁴
166 1219 202 1272 et'
219 1204 397 1294 probissimi
429 1205 637 1304 imperatores
667 1203 796 1270 fuerunt
826 1203 858 1269 in
883 1205 1032 1271 Graecia.
1087 1205 1185 1273 Duas
1207 1206 1292 1273 etiam

165 1292 246 1359 sitias
267 1290 381 1379 Zetypi
402 1287 529 1368 rustici,
564 1288 719 1353 Phoeben
740 1288 861 1356 scilicet
881 1301 915 1357 et
933 1290 1132 1358 Molliseuam
1155 1291 1186 1359 vi
1208 1312 1292 1393 cepe

165 1388 242 1445 runt
259 1376 337 1441 ldae
359 1388 392 1442 et
412 1371 540 1441 Sicidae
562 1373 710 1440 iratribus
730 1385 873 1461 tempore
902 1375 1105 1463 nuptiarum
1140 1399 1224 1465 quas
1242 1374 1292 1465 apsi

166 1462 242 1529 Idas
264 1473 297 1528 et
315 1460 439 1527 Sioidas
464 1457 566 1523 eidem
588 1459 715 1546 Zetypo
737 1472 916 1547 rapuerant.
966 1459 1049 1526 Inde
1075 1472 1149 1527 orta
1181 1461 1292 1529 disme-

126 1547 323 1614 15dia'inter
345 1568 418 1625 eos,
439 1557 582 1635 mortuus
604 1557 654 1611 est
673 1545 748 1612 Idas
769 1557 803 1612 et
823 1568 995 1633 percussus
1015 1555 1066 1612 est
1084 1547 1226 1628 Castor,
1246 1542 1311 1637 qui,

167 1655 265 1722 quum
290 1641 375 1699 'esset
403 1630 560 1710 mortalis,
599 1631 701 1719 periit.
755 1630 885 1697 Interea
924 1653 1021 1719 quum
1051 1629 1154 1698 frater
1185 1632 1289 1699 Polior

167 1735 253 1785 esset
273 1717 472 1796 immortalis,
508 1726 540 1781 et
563 1715 665 1781 inilia
697 1714 818 1781 idcirco
847 1717 915 1782 rixa
943 1738 1006 1782 uon
1034 1728 1121 1784 esset
1144 1730 1292 1799 mortuus,

167 1807 309 1871 fraterna
329 1803 447 1890 pietate
465 1800 593 1885 rogavit
615 1801 727 1867 Jovem
746 1813 872 1890 patrem
894 1825 1005 1884 suum,
1035 1812 1073 1868 ut
1093 1803 1210 1892 posset
1230 1824 1290 1893 par-

167 1891 218 1956 tiri
240 1890 333 1955 vitam
356 1886 548 1953 cumfratre
568 1907 637 1951 suo.
689 1887 743 1954 Ex
763 1909 827 1975 quo
856 1886 976 1954 alterna
1003 1887 1143 1955 statione
1176 1908 1313 1979 semper·

20 1968 25 1985 ”
110 1970 201 2059 'auin
223 1975 312 2053 caeto
329 1995 411 2038 unus
433 1980 567 2059 apparet
587 1972 617 2036 in
641 1993 704 2037 una
725 1986 835 2058 parte,
863 1973 942 2039 alter
963 1975 995 2038 in
1017 1971 1096 2056 alia3
1128 1972 1290 2043 salutati

170 2059 295 2140 dicunt,
316 2080 398 2125 unus
422 2057 537 2125 stetin
561 2054 669 2138 caelo,
697 2057 776 2124 alter
798 2059 955 2145 mergitur
974 2058 1007 2125 in
1030 2080 1204 2129 oceanum.
1244 2057 1290 2129 Sd

169 2147 285 2212 dicitur
307 2145 339 2209 in
361 2142 513 2222 Geminis,
556 2143 608 2208 uia
627 2143 657 2207 in
680 2143 821 2232 quolibet
842 2145 867 2211 si
894 2166 1005 2209 norum
1021 2144 1069 2210 sol
1089 2155 1158 2213 stat
1178 2157 1289 2215 tautum

95 2270 98 2277 ·
169 2252 228 2321 per
249 2231 346 2296 XXX
368 2228 454 2311 dies,
486 2227 519 2293 in
574 2228 683 2295 eminis
705 2251 779 2295 vero
802 2249 859 2316 per
911 2229 1017 2309 XXII.

54 2316 56 2329 '
196 2333 197 2336 ’
253 2318 296 2382 4..
327 2316 435 2392 Quum
466 2312 614 2381 Chironis
653 2314 753 2396 filius,
791 2337 890 2403 nepos
923 2314 1054 2383 Saturni
1081 2324 1117 2383 et
1142 2314 1289 2407 raupa,

39 2430 42 2437 ·
127 2401 258 2493 eujuxta
279 2424 368 2469 mare
387 2399 551 2480 transiret,
584 2400 742 2488 quendam
764 2423 912 2466 cancrum
933 2402 1108 2467 immensae
1139 2402 1289 2490 magnitu-

171 2488 252 2555 dinis
274 2487 356 2575 pede
378 2484 525 2581 caipavit,
556 2487 614 2573 qui
631 2509 704 2553 eum
727 2485 944 2553 miserabiliter
964 2487 1071 2567 inesit;
1113 2497 1148 2554 et
1170 2508 1311 2561 couver-¹

170 2598 225 2642 sus
250 2575 369 2639 Chiron
402 2571 526 2658 sagittis
557 2593 706 2639 cancrum
736 2572 908 2655 percussit,
944 2572 1289 2661 titiumqueexpedirit.

170 2661 209 2725 In
250 2660 339 2747 cujus
377 2656 559 2723 memoriam
589 2677 705 2722 cancer
734 2655 784 2721 ille
818 2658 986 2725 translatus
1026 2670 1076 2725 est
1107 2656 1141 2723 in
1170 2648 1289 2729 cadum.

113 2761 115 2766 ·
173 2745 342 2831 factusque
361 2745 488 2830 signum
510 2739 656 2808 caeleste.
699 2740 755 2806 sot
777 2741 893 2823 dicitur
915 2766 986 2811 esse
1006 2742 1039 2808 in
1060 2744 1206 2821 Cancro,
1225 2743 1312 2833 quia.

129 2831 258 2897 sesicut
278 2830 331 2895 bie
352 2850 501 2915 gressum
525 2825 567 2892 ad
588 2836 758 2913 utramque
783 2839 905 2914 partem
937 2828 1131 2896 hebetante
1150 2841 1186 2897 et
1205 2844 1291 2903 retro,

172 2917 219 2982 sic
235 2914 291 2991 sol,
316 2937 412 3002 quum
431 2914 473 2979 ad
490 2914 650 2980 Cancrum
666 2911 800 2992 accedit,
817 2935 943 3001 semper
958 2914 1185 3002 progreditur3
1205 2936 1292 3004 quun

173 3023 248 3068 vero
271 3014 319 3067 est
341 3001 374 3064 in
394 3000 532 3076 Cancro,
554 2997 744 3076 retrocedit,
767 3009 800 3065 et
821 2999 901 3066 ultra
923 3000 1075 3086 progredi
1099 3023 1164 3066 non
1188 3012 1291 3089 potest·

171 3166 175 3173 Ι
257 3087 287 3151 5.
328 3085 454 3151 Rustici
473 3086 504 3150 in
527 3082 671 3150 Nemaea
691 3083 767 3149 silva
785 3083 898 3151 Jovem
925 3096 1131 3186 spernentes,
1153 3088 1293 3154 nolebant

173 3170 203 3237 ei
223 3171 414 3237 sacrificare.
457 3168 553 3237 Unde
574 3169 721 3271 Juppiter
739 3168 838 3236 iratus
871 3169 997 3237 immisit
1023 3170 1061 3236 iis
1095 3170 1223 3239 leonem
1241 3172 1292 3236 im·

129 3260 303 3323 esmcnsae'
337 3253 580 3343 magnitudinis,
619 3277 673 3344 qur
713 3255 827 3321 omnia.
845 3277 955 3323 eorum
992 3258 1075 3322 bona
1105 3255 1293 3331 devastabat

170 3343 216 3410 Et
243 3365 340 3430 quum
376 3341 507 3430 penuria
540 3340 683 3433 oppressi
712 3351 835 3420 essent,
873 3339 1001 3408 tandem
1031 3341 1116 3409 venit
1132 3340 1294 3410 ‚Hercules

69 3440 73 3447 '
101 3472 104 3478 -
170 3441 383 3495 monstrorum
405 3425 550 3501 domitor,
570 3426 624 3513 qui
641 3427 744 3514 ipsum
764 3425 938 3495 interfecit:
960 3438 993 3493 et
1013 3426 1184 3496 translatus
1205 3427 1298 3509 ustie·

172 3514 311 3596 caelum,
330 3525 363 3582 et
382 3537 422 3579 ex
443 3535 482 3578 eo
504 3510 623 3578 factum
643 3513 769 3598 signum
783 3511 929 3581 caeleste.
971 3511 1160 3597 Soldicitur
1178 3513 1294 3582 esseio

170 3600 294 3682 Leone,
314 3599 481 3689 quiasicut
494 3597 545 3664 leo
566 3597 752 3665 furibundus
769 3611 827 3678 est,
848 3599 895 3666 sic
908 3621 1005 3686 qurum
1018 3597 1065 3664 sol
1077 3621 1137 3686 per
1151 3598 1227 3667 illud
1242 3597 1294 3665 de·

129 3687 271 3761 accurrit
301 3688 444 3773 signum,
482 3682 698 3749 vehementem
725 3682 844 3749 mundo
865 3684 976 3752 caloris
997 3683 1154 3751 fervorem
1186 3684 1295 3753 reddit.

258 3773 288 3837 6.
309 3774 430 3852 icarus,
448 3770 599 3836 sacerdos
611 3769 742 3849 Bacchi,
764 3779 797 3836 et
810 3768 1008 3836 Atheniensis
1020 3790 1088 3846 rex,
1109 3781 1143 3837 et
1162 3772 1295 3861 optimus

161 3869 330 3941 uenator,
353 3880 450 3945 quum
471 3856 575 3922 vinum
596 3855 720 3922 rusticis
748 3865 862 3942 potare
893 3855 1052 3935 dedisset,
1090 3854 1133 3921 illi
1153 3856 1294 3924 inebriati

173 3952 320 4031 putantes
346 3966 382 4007 se
415 3964 566 4010 venenum
590 3941 755 4020 sumsisse,
792 3940 894 4043 ipsum
921 3939 1171 4024 interi'eoerun't3
1203 3955 1237 4011 et
1262 3951 1295 4010 ct

174 4028 278 4095 scetus
301 4028 430 4111 lateret,
463 4028 495 4092 in
517 4037 645 4114 puteum
677 4025 971 4114 praecipitaverunt.
1023 4025 1180 4095 Canicula
1212 4050 1293 4105 vero,

132 4133 259 4267 tu‘puae
280 4136 350 4181 cum
372 4136 411 4177 co
434 4126 520 4193 erat,
550 4134 676 4180 reversa
698 4122 745 4181 est
768 4110 898 4180 domum
926 4113 966 4181 ad
988 4112 1185 4199 Erigonem,
1216 4134 1294 4204 quae

189 4200 256 4269 icto
277 4212 329 4269 est
347 4197 410 4269 iiiia
433 4198 532 4292 ipsius
552 4190 655 4285 Icari,
674 4219 715 4267 cc
734 4198 861 4271 tristitia
879 4209 914 4270 et
935 4200 1050 4288 quibus
1072 4199 1179 4287 potuit
1197 4200 1291 4291 siguis
