2684 4606
364 180 565 288 anum.
591 180 626 258 r.
680 177 761 258 rm
777 174 938 259 -taa
1020 230 1027 297 ἱ
1075 202 1077 207 -
1172 176 1231 275 aa

45 354 47 360 ’
85 392 199 441 versae
218 368 352 439 suntin
370 367 534 450 volueres,
554 378 592 437 at
607 374 805 467 ucrlmntnm
828 368 989 452 interris,
1010 368 1068 436 sed
1087 370 1120 435 in
1141 368 1231 455 mari,

85 458 284 558 requisitam·
304 455 457 557 persequi
484 466 625 557 possent.
675 454 855 559 Novissime
884 456 1082 523 devenerunt
1112 456 1154 559 ad
1176 478 1232 545 pe-
1299 520 1300 525 ,

86 542 1233 716 tirhtilrt“tttlt}t“Etttttttttltttitltttttt

84 725 257 805 manerent
276 676 461 781 incolirmes.
499 713 604 783 Forte
625 712 736 819 Ulires
755 716 875 782 monitu
897 716 1022 798 Circes,
1042 714 1256 799 fihaeSolisis

86 810 328 892 praetervectus
349 810 416 868 est:
446 810 515 868 turu
535 820 573 867 se
592 810 889 890 praecipitaverant

265 982 386 1078 187.Ι
414 984 596 1063 Latona
630 997 674 1062 et
704 988 839 1089 Lycii
872 992 1054 1064 rustici.
1178 1069 1181 1075 ,
1314 970 1318 981 ’

175 1117 325 1196 lratoua,
348 1116 432 1184 Coei
452 1117 603 1206 (ligantis
624 1116 707 1194 lilia,
728 1138 828 1205 quum
850 1115 984 1184 Junouls
1003 1118 1053 1185 ira
1076 1118 1120 1184 cb
1143 1116 1235 1185 adul·

89 1201 208 1274 teriurn
240 1224 282 1270 ex
307 1202 390 1269 Jove
421 1215 595 1292 conceptos
624 1200 798 1292 Apollinem
825 1210 860 1269 et
878 1202 1016 1269 Dianam
1035 1225 1151 1293 parere
1172 1226 1236 1271 ucrr

89 1299 221 1380 posset,
250 1287 400 1377 nullaque
428 1303 588 1358 errantem
615 1311 689 1357 eam
714 1288 807 1376 regio
836 1288 1029 1377 susciperet,
1063 1290 1276 1359 norissime't'o

52 1412 57 1424 .
89 1376 175 1443 seuit
196 1373 230 1441 in
251 1373 406 1464 Lyciam
435 1386 471 1442 et
495 1386 593 1464 ouum
613 1373 733 1443 ardore
753 1374 874 1449 aestiuo
894 1374 977 1442 sitim
999 1372 1239 1459 sedare'vellet,
1309 1376 1313 1387 '

90 1462 133 1528 ab
159 1460 232 1547 hia,
265 1460 319 1547 qui
335 1460 469 1550 juncum
489 1460 644 1549 legebant
663 1482 759 1529 sectas
779 1458 879 1540 litus,
896 1459 1056 1551 prohibita
1077 1472 1130 1530 est·
1144 1486 1239 1531 acce-

90 1545 180 1614 dere.
223 1544 334 1621 Quam
354 1548 397 1614 cb
419 1568 488 1614 rem
508 1547 565 1616 ira·
578 1568 735 1628 accensa,
750 1546 851 1637 petiit
870 1570 891 1614 a
911 1545 987 1626 diis,
1007 1558 1044 1614 ut
1065 1568 1241 1637 numquam

91 1644 211 1736 pragae
225 1630 366 1734 ‘accolae
386 1644 544 1701 carerent
585 1632 710 1702 Auditis
732 1632 893 1723 precibus,
911 1631 1060 1723 luppiter
1079 1635 1240 1723 agricolas

70 1740 124 1787 vnr
143 1739 290 1809 spectem
313 1739 464 1789 ranarum
485 1720 651 1789 mrrertit.
894 1786 898 1791 ,
968 1744 970 1749 ’
1248 1736 1285 1791 lt

134 1883 233 1963 188.
284 1884 466 1983 Medea,
500 1836 669 1980 lason,
693 1878 878 1983 Aeson,
909 1897 954 1963 et
985 1888 1197 1967 nutrices

488 1986 652 2064 Liberi
681 1990 838 2089 patris.

181 2119 281 2187 Iason
310 2129 482 2209 postquam
507 2113 659 2183 Medeam
685 2115 718 2181 in
746 2114 920 2182 Graeciam
947 2113 1055 2200 duxit,
1086 2119 1244 2208 promisso

59 2224 61 2231 '
96 2203 158 2273 sibi
178 2204 334 2294 conjugio
357 2201 537 2295 populavit,
564 2201 669 2271 multis
689 2201 787 2271 rebus
810 2213 961 2291 expertus
980 2203 1145 2294 ingenium
1164 2207 1245 2297 ejus,

96 2289 225 2380 pettit,
246 2299 284 2358 ut
315 2301 482 2377 parentem
509 2290 668 2356 Aesonem
699 2287 733 2354 irr
763 2284 1011 2357 adolescentiam
1041 2291 1290 2381 perduceret-no

96 2378 138 2445 tt
165 2374 222 2445 illa
246 2372 392 2442 nondum
416 2393 528 2443 amore
547 2372 712 2463 deposito,
737 2385 840 2460 ouem
862 2373 896 2440 iu
917 2375 1141 2459 eum-habuit,
1170 2376 1272 2445 nihil¹

96 2459 351 2550 denegandam,
368 2458 506 2528 ahenam
517 2456 692 2537 constituit,
713 2458 951 2549 herbarumque
962 2480 1097 2549 genera,
1110 2486 1249 2552 quarum

98 2548 271 2616 amentiam
290 2546 419 2629 habuit,
441 2544 536 2615 variis
557 2543 744 2633 regionibus
764 2545 927 2632 quaesita,
951 2568 1111 2636 coquens,
1146 2550 1249 2618 Aeso-

95 2654 175 2702 uem
197 2633 404 2701 interemtum
424 2632 461 2699 in
477 2643 512 2701 te
533 2628 595 2699 idis
615 2630 723 2697 herbis
743 2627 931 2708 immiscuit,
961 2630 1054 2702 etln
1080 2633 1250 2724 pristinum
1328 2664 1330 2669 ·

97 2720 250 2811 vigorem
278 2717 463 2809 perduxit·
501 2655 603 2784 iiber
631 2724 724 2806 pater
754 2724 792 2783 ut
813 2714 1054 2797 animadvertit,
1088 2724 1291 2800 Aesonenras

99 2814 304 2875 senectutem
329 2802 480 2871 remediis
506 2802 648 2873 Medeae
676 2800 849 2891 expuisse,
883 2803 978 2890 petit,
1009 2817 1047 2874 nt
1075 2808 1252 2879 nutricibus

101 2892 172 2961 suis
195 2893 298 2959 tenet
319 2890 488 2970 auxilium,
521 2910 643 2977 easque
663 2887 696 2954 in
717 2886 966 2955 adolescentium
988 2889 1134 2982 vigorem
1155 2894 1255 2962 redu·—

48 3016 51 3025 ·
104 2987 208 3047 ceret.
251 2973 354 3079 Cujus
384 2974 576 3047 auctoritate
596 2985 631 3042 et
649 2973 763 3037 amilio
784 2973 835 3036 illa
857 2969 1052 3061 campulum·
1067 2974 1180 3044 iisdem
1193 2992 1256 3044 're-

101 3062 231 3137 mediis,
251 3064 369 3146 qaam
386 3066 544 3125 Aesonem
568 3056 601 3122 in
645 3056 756 3123 rimam
773 3054 972 3145 juventutem
993 3057 1176 3147 reduxerat,
1196 3064 1254 3133 ui-

59 3182 66 3193 ·
103 3150 185 3215 bero
205 3155 382 3215 aeteruum
402 3143 592 3213 beneficium
612 3078 721 3221 dedit,
1103 3212 1105 3217 ,
1257 3170 1296 3222 30

326 3312 424 3392 189.
477 3315 735 3391 Deucalion
767 3327 810 3392 et
842 3318 1033 3421 Pyrrha.
1166 3406 1169 3413 ¹

62 3498 66 3509 .
190 3426 350 3537 iuppiter
372 3454 507 3549 propter
527 3442 697 3511 audaciam
716 3444 747 3511 L
771 3446 880 3514 caenis
901 3460 1147 3536 ceterorumque
1169 3471 1256 3515 mor·

45 3615 48 3623 ¹
106 3532 239 3617 lulium,
261 3532 316 3621 qui
336 3531 511 3600 sceleribus
531 3530 597 3605 suis
619 3531 715 3599 etiam
759 3554 870 3600 eorum
888 3534 1062 3621 potentiam
1077 3537 1256 3615 tentabant,

60 3692 67 3715 ,
108 3622 225 3689 orbem
244 3630 403 3688 terrarum
420 3616 560 3708 profusis
573 3616 726 3685 imbribus
739 3618 904 3688 inundavit
916 3618 1081 3708 (diluvic).
1111 3622 1255 3689 Primum

109 3720 221 3776 autem
242 3704 391 3774 diluvium
410 3705 471 3773 sub
493 3704 524 3771 0
552 3724 635 3792 yge,
655 3724 738 3791 rege
760 3704 1010 3786 Thebanorum,
1040 3705 1161 3786 extitit,
1193 3725 1300 3783 nonas

93 3792 171 3862 ‘sab
203 3792 357 3862 Saturno.
415 3725 603 3857 Secundum
633 3789 694 3858 sub
724 3789 824 3871 Jove,
861 3791 949 3880 quod
987 3802 1021 3860 et
1052 3792 1260 3861 Deucalionis

108 3877 239 3948 dicitur.
293 3878 340 3946 Et
368 3897 468 3966 quum
499 3874 565 3942 duo
595 3874 744 3944 mortales
794 3876 891 3945 ietate
920 3890 1046 3947 eeteros
1076 3888 1261 3958 anteissent,

59 3968 66 3983 '
110 3964 306 4047 Deucalion,
323 3962 510 4033 Promethei
531 3961 624 4042 tilius,
645 3973 678 4030 et
694 3901 832 4052 Pyrrba,
854 3962 966 4031 eadem
988 3983 1082 4031 soror
1112 3980 1145 4034 et
1169 3987 1262 4047 uxor,

109 4051 146 4119 in
176 4052 330 4121 Parnaso
363 4061 474 4119 monte
502 4047 675 4138 proluviem
701 4048 849 4117 imbrium
874 4050 1080 4138 etlirgerunt3
1105 4065 1143 4121 et
1172 4062 1261 4120 sorte

45 4210 48 4221 ,
104 4137 228 4208 moniti
256 4135 447 4217 Themidis,
479 4157 564 4224 quae
594 4156 635 4201 eo
662 4146 810 4224 tempore
837 4134 968 4202 antistes
991 4146 1101 4203 terrac
1120 4148 1207 4215 erat,
1239 4158 1304 4214 aaa

112 4223 176 4295 diis
197 4246 261 4317 per
280 4244 398 4315 preces
421 4222 545 4295 reniam
565 4235 762 4314 acceperuut
783 4221 990 4312 generandae
1012 4224 1118 4311 prolia
1160 4221 1256 4315 Apol·
