2684 4606
145 154 224 256 roa
446 158 627 286 hypogn.
656 185 729 295 u..
763 131 1019 267 ira-arr.

125 321 128 326 ·
445 366 538 447 172.
592 369 742 444 Arion
779 367 987 443 Lesbius.

230 494 326 561 Arion
350 493 488 561 Lesbius
502 493 712 579 ¹citharoedus
734 494 872 584 optimus
894 494 962 563 fuit.
1007 494 1071 571 Qui
1102 515 1202 597 quum
1220 492 1283 560 ua-

146 591 236 663 rento
260 579 448 648 Corinthum
470 605 542 648 curn
564 581 669 650 multis
691 593 815 670 peteret
836 580 967 669 opibus,
999 595 1033 650 et
1062 579 1122 648 sibi
1151 581 1184 647 in
1212 578 1284 647 mari

146 666 233 735 tendi
255 689 275 733 a
298 667 400 733 nautis
422 666 550 733 insidias
571 665 702 747 videret,
731 668 832 755 petiit,
851 677 889 733 ut
909 667 1032 734 cithara
1051 665 1213 755 paululum
1234 686 1283 731 ca-

120 768 223 819 snere
243 753 303 819 sibi
323 752 443 819 liceret.
485 753 559 828 Quo
582 754 685 832 facto,
720 775 817 841 quum
845 750 887 819 ad
914 752 994 818 illius
1016 775 1130 820 sonum
1151 750 1284 839 delphini

145 838 384 920 convenissent,
414 839 554 905 excussit
582 863 618 905 se
643 861 739 928 super
760 860 876 918 unum,
910 849 943 905 et
961 839 1005 907 ita
1028 838 1071 906 ad
1089 838 1284 917 Taenarium

144 924 216 993 litus
240 934 368 1007 rectus,
389 923 553 993 immineas
576 925 681 993 vitavit
701 924 884 1014 periculum.
1247 943 1250 947 ’

419 1208 423 1217 1
503 1111 596 1191 175.
650 1109 931 1188 Arethusa.
984 1201 987 1207 Ι

191 1288 193 1293 -
231 1240 387 1309 Arethusa
416 1240 593 1310 secundum
623 1241 744 1320 fabulas
769 1243 909 1311 venatrix
932 1240 999 1309 fuit.
1042 1239 1136 1319 Quae
1159 1235 1236 1305 dum
1255 1258 1287 1305 se

105 1324 178 1390 rcin
199 1324 321 1415 Alpheo
355 1338 430 1416 post
462 1328 603 1395 laborem
632 1327 795 1411 ablueret,
831 1330 873 1395 ab
900 1352 941 1395 eo
973 1324 1123 1393 adamata
1154 1334 1222 1406 est;
1259 1334 1287 1389 ct

146 1411 201 1476 diu
224 1413 368 1503 fugiens,
399 1411 533 1481 deorum
553 1415 759 1482 miseratione
778 1416 811 1482 iu
834 1415 954 1483 fontem
975 1421 1115 1493 mutata,
1142 1408 1187 1478 ed
1213 1408 1295 1477 Sici-¹
1321 1454 1324 1459 -

143 1497 226 1563 liam·
254 1522 313 1586 per
344 1511 489 1567 secretos
516 1501 600 1567 venit
629 1511 763 1567 meatus.
814 1501 920 1575 Quam
947 1498 1097 1586 Alpheus*
1118 1518 1223 1584 usque
1253 1492 1289 1565 ad

146 1583 285 1653 Siciliam
306 1583 422 1653 dicitur
441 1587 607 1676 persequi,
638 1597 671 1654 et
692 1585 786 1655 undis
807 1586 875 1675 ejus
898 1582 1106 1653 commisceri.

440 1724 556 1832 '174
610 1720 974 1854 Polyphemus.

105 1896 141 1948 1⁵
232 1879 450 1969 Polyphemus
473 1879 613 2030 Cyclops
640 1879 758 1949 (licitur
783 1904 908 1951 amasse
921 1876 1105 1972 Nympham
1119 1874 1291 1943 Galateam.

146 1965 240 2041 Quae
262 1989 358 2054 quum
380 1967 457 2033 Acin
480 1988 564 2054 quen
588 1988 638 2032 am
662 1975 824 2055 pastorem
845 1981 988 2050 amaret,
1009 1976 1043 2031 et
1063 1961 1291 2053 Polyphemum

146 2062 330 2139 sperneret,
363 2052 414 2117 ille
439 2053 539 2119 iratus
562 2050 639 2117 Acin
662 2055 806 2137 necarit,
839 2056 892 2143 qui
925 2066 1039 2143 postea
1061 2049 1222 2115 Galateae
1241 2046 1292 2113 mi-

146 2138 305 2204 seratione
327 2137 358 2201 iu
382 2138 503 2204 fontem
529 2148 668 2205 mutatus
697 2152 763 2220 est,
797 2142 852 2229 qui
879 2141 976 2207 hodie
1006 2137 1048 2202 ab
1076 2132 1179 2209 Acide
1204 2132 1294 2200 Acis
1331 2162 1334 2175 ·

72 2284 76 2291 .
147 2224 337 2290 nominatur.
375 2222 609 2314 Polyphemum
632 2223 719 2293 multi
741 2225 851 2294 dieunt
871 2248 970 2293 uuum
992 2220 1119 2289 oculum
1139 2218 1295 2296 habuisse,
1329 2216 1334 2225 ’

18 2367 24 2387 ,
103 2306 198 2377 eoalii
220 2308 319 2390 (loos,
349 2306 400 2375 alii
421 2322 504 2391 tres3
533 2310 622 2399 quod
643 2322 746 2378 totum
768 2312 949 2378 fabulosum
971 2320 1028 2376 est.
1071 2306 1156 2372 Nam
1180 2303 1235 2371 hic
1255 2302 1296 2369 vir

118 2434 122 2441 -
146 2393 408 2483 prudentissimus
438 2394 514 2474 fuit,
544 2395 598 2483 qni
626 2398 668 2462 ob
689 2398 754 2464 hoc
772 2399 899 2464 oculum
919 2398 950 2463 in
973 2393 1079 2482 capite
1094 2391 1190 2480 juxta
1211 2406 1296 2456 cere-
1328 2388 1334 2469 l

147 2483 240 2548 hrum
272 2479 422 2547 habuisse
448 2480 584 2562 dicitur,
618 2483 693 2571 quia
725 2484 940 2574 perspicacius
970 2477 1158 2569 prudentia,
1204 2496 1297 2564 quam

148 2589 304 2655 corporeo
321 2567 452 2635 'intuitu
481 2589 616 2634 cernere
643 2567 820 2636 ridebatur.
862 2569 928 2636 Hic
949 2567 1023 2654 quia
1045 2564 1086 2629 ab
1109 2561 1205 2629 Ulixe
1226 2581 1299 2651 pru·
1329 2604 1332 2611 -

31 2746 35 2751 ἱ
150 2653 259 2722 dentia
279 2654 509 2740 superabatur,
539 2654 580 2721 ab
610 2665 822 2790 e‘fffleffltm
845 2677 918 2721 esse
940 2653 1081 2742 fingitur.
1322 2670 1325 2677 ·

618 2770 638 2801 1

105 2836 145 2887 25
555 2784 651 2899 are:
675 2914 680 2923 ⁸
702 2821 738 2897 o
763 2847 783 2896 θ
808 2849 832 2923 y·
856 2848 894 2893 x.

234 2949 342 3038 Ceyx,
370 2947 452 3015 filius
480 2949 642 3030 Luciferi,
675 2949 787 3033 habuit
809 2970 940 3017 uxorem
962 2947 1146 3034 Alcyonem.
1190 2950 1309 3037 Aqua

148 3056 247 3123 quum
280 3034 456 3122 prohibitus
489 3037 568 3105 isset
597 3035 641 3102 ad
673 3033 902 3104 consulendum
935 3031 1111 3124 Apollinem
1142 3030 1186 3101 de
1219 3046 1312 3102 statu·

148 3120 242 3208 regni
268 3122 333 3201 sui,
367 3119 536 3208 naufragio
560 3123 665 3226 periit.
708 3123 810 3214 Cujus
840 3143 958 3210 corpus
987 3141 1085 3209 quum
1106 3116 1150 3183 ad
1171 3140 1306 3201 uxorem

149 3209 323 3296 Alcyonem
353 3203 494 3275 delatum
524 3207 656 3288 fuisset,
690 3207 742 3275 illa
775 3231 812 3275 se
840 3207 872 3272 in
905 3204 1039 3295 pelagus
1074 3204 1334 3293 praecipitarit..

108 3294 272 3360 ooPostea
299 3292 502 3360 miseratione
530 3292 678 3361 Thetidis
708 3306 741 3362 et
766 3293 911 3360 Luciferi
941 3291 1086 3361 conversi
1114 3302 1190 3360 sunt
1209 3293 1306 3361 umbo

150 3381 183 3447 in
206 3401 279 3448 aves
301 3378 459 3461 marinas,
489 3400 573 3467 quae
594 3378 744 3470 alcyones
766 3390 930 3447 vocantur.
1088 3380 1091 3387 '

520 3543 616 3621 176.
671 3543 935 3623 Aesacos.
1037 3584 1041 3594 ·

237 3682 380 3746 Aesacos
408 3674 490 3742 filius
521 3674 643 3744 Priami
664 3676 733 3743 fuit.
775 3676 842 3743 Hic
864 3697 900 3741 se
920 3670 1140 3761 praecipitavit
1162 3693 1182 3737 e
1203 3660 1333 3755 muro,²

49 3795 53 3801 ·
153 3784 214 3826 uec
234 3765 336 3849 periit.
354 3836 357 3841 ,
378 3763 423 3831 Et
444 3783 542 3849 quum
563 3762 689 3851 saepius
712 3762 775 3827 hoc
797 3761 929 3851 faceret,
953 3758 1088 3825 deorum
1104 3757 1309 3829 miseratione

74 3936 78 3945 θ
112 3849 187 3912 eoin
202 3870 292 3915 arom
307 3870 416 3916 versus
438 3859 504 3929 est,
526 3871 611 3937 quae
631 3846 806 3916 imitatione
827 3846 958 3936 pristina
981 3842 1089 3912 adhuc
1110 3841 1197 3910 idem
1221 3844 1308 3913 facit.

486 4011 580 4088 177.
635 4013 970 4118 Cyparissus.

242 4140 455 4230 Cyparissus,
484 4141 649 4230 speciosus
678 4165 779 4231 puer,
812 4140 889 4213 dum
906 4142 938 4210 in
961 4139 1036 4206 silva
1058 4152 1246 4219 venaretur,
1275 4141 1308 4205 iu

96 4226 117 4251 ”
157 4251 300 4299 amorem
323 4228 374 4293 sui
395 4226 568 4317 Apollinem
587 4230 754 4319 compulit,
777 4250 876 4317 aquo
898 4226 1023 4316 accepit
1043 4247 1157 4293 monos
1180 4246 1326 4307 cerrum·

1324 4504 1334 4573 l
